2095 3200
264 363 1826 471 edennoch wagt er es, und traut auf Deine Gute,
272 467 1865 566 Er meynt, er treff in Dir den ſainfften Frtedrich an,
298 567 1846 655 Der ihm vor ſeine Treu, mit danckbarem Gemuthe,
231 664 1844 759 Und Gnadenreicher Huld, Zeit lebens, zugethan,
300 755 1791 855 Jhn aus dem oden Wald an ſeinen Hof gezogen,
266 848 1847 950 Und uͤberall gezeigt, daß er hm wohlgewogen.
382 1367 1709 1454 as ſtellſt Du wiederum in Dir vollſtandig dar
308 1462 1931 1549 Was man von ihm izt ſchreibt, wird man von Dir e ſt
1131 1559 1932 1641 leſen,
314 1649 1791 1734 Weil Du von neuem biſt, was er vor Alters war,
313 1743 1928 1838 Wie Du nach Deinem Stamm, von ſeinem Blut ge⸗
315 1834 1901 2005 o h di au vonhn d dlzs sn ctzznz
314 2189 1853 2332 uſorderſt iſt Dir, Herr, die Sanfftmuth anaebohre
180 2327 1775 2523 eXXeXeeXXXnXXXt
173 2513 1782 2603 Der Dir zum Wohlthun nicht Gelegenheit gezeigt:
315 2599 1898 2694 Wer traurig und betruͤbt vor Dir zuerſt erſchienenz
320 2706 1886 2795 Geht wieder von Dir fort, mit aufgeklahrten Minen.
1758 2839 1895 2908 Hier
680 59 1656 113 z rt.te uz , , * **
755 87 1970 139 .I.tee . . —
658 148 1641 188 —
402 169 1821 205 ,
650 180 1871 235 15.t.:13
994 271 1646 320 . ,
242 1120 1986 1256 Ud elich hat er recht. was riedrich ſont ac
0 1182 1945 1275 nd freylich hat er recht. was Friedrich ſonſt ge⸗
0 1281 1580 1365 weſen,
