1691 2774
61 33 1213 156 4 Des Sachſi ſchen
61 173 1528 402 kt XeXXeXeXte
63 377 1603 503 Dich ruff ich izund an komm, ſteh mir hulfſreich bey,
64 477 1481 595 Daß ich zu dieſem Werck geſchickt und munter ſey
64 577 1561 694 Und in der Dichtkunſt zwar die Freyheit gelten laſſe,
64 681 1437 788 Doch alſo, daß ſie ſich in ihre Schrancken faſſe ·
67 783 1414 886 Damit die Fabel nicht der Wahrheit widerſteh,
71 885 1449 983 Vielmehr ihr Schattenbild derſelben Licht erhoh
72 985 1535 1084 Die Groſſe dieſer That, wie deiner Treu und Liebe,
75 1089 1612 1177 Erfordert etwas mehr, als die gememen Triebe,
77 1180 1648 1272 Die ſonſt ein Dichter fuhlt Drum gieb mir Geiſt und Kraſt,
79 1278 1665 1382 Daß dieſes mein Gedicht dem Leſer Nuzen ſchafft.
647 1435 896 1480 &R
40 1519 1595 1658 churſurſt Friederich der Gutige geheiſen,
83 1660 1660 1758 Beherrſchte dazumahl das Segenreiche Meiſſen,
86 1743 1603 1850 Ein Herr, der dieſes war, was er im Sprichwort hieß,
85 1839 1562 1943 Und ſeines Nahmens Krafft ſelbſt in der That erwieß,
43 1947 1568 2035 Dem, ſeinen Bruder Krieg nur einzig ausgenommen /
74 2036 1565 2132 Sehr wemg Furſten ſonſt an Tugend gleich gekommen /
19 2125 1421 2221 Der jeden Tag beklagt, an welchem ſeine Hand
89 2209 1607 2308 Ein gutes Werck zu thun, nicht Zeit, noch ittel fand
2 2307 1620 2397 NurCunz vonKauffung war derMeynung ganz zuwider /
42 2396 1532 2492 Und ſchlug des Furſten Hald und ſanffte Gute nieder,
91 2498 1469 2578 Der allen Gutige war ihm nur ein yrann,
78 2578 1633 2707 Dieweil er gegen ihn im Rechte nichts gewei''
