1913 3011
95 136 1723 374 xxxx xXxXXXXXXXiz
59 393 1689 766 deet.
318 747 1595 890 eſer!
136 910 1704 1052 Ey gegenwaͤrtigem langen Gedich⸗
370 1094 1705 1223 Ehre habe; waͤre zwar gar vieles vor⸗
110 1170 1705 1298 lauffi zu erinnern: aber eben, weil es
122 1259 1700 1366 ſo viel iſt; wi ich alles, ſo viel mir nur mog⸗
132 1326 1703 1442 lich ſeyn wird, deſto kuͤrtzer faſſen doch alſo,
134 1404 1704 1516 daß von denen allernoͤthigſten Stucken mchts
140 1506 1676 1594 außbleiben ſoll.
144 1554 1779 1676 Gleich Anfangs muß ich gegen die tadelſuchti⸗
110 1640 1787 1753 gen Wort⸗Richter und Erbpachter des ſogenan⸗
146 1720 1717 1828 ten guten Geſchmacks und geſunden, oder unge⸗
153 1793 1761 1904 ſunden Wizes, uͤberhaupt bemercken, daß die⸗
148 1868 1709 2059 ſes weder ein Helden- Gedichte ſeyn ſoll; noch
145 1971 1669 2055 eyn an.
158 2030 1776 2133 Es ſoll keines ſeyn, weil ich es nie davor aus⸗
157 2104 1714 2217 geben werde, ſintemahl mir die ſcharfen Re⸗
388 1010 1888 1127 te, welches ich dir hiermit vorzulegen die
158 2165 1913 2307 geln und Grundſaͤtze aus dem Ariſtoteles, Horaz,
155 2260 1875 2372 ingleichen von den neuen, des Boſſu, und an⸗
151 2356 1189 2445 derer , ſattſam bekannt.
140 2503 1784 2740 ee ietiedtee adeder
237 2382 1887 2524 Es kan auch keines ſeyn, weil nehmlich ein
