1691 2774
61 28 1213 161 4 Des Sãchſi ſchen
61 161 1507 292 Der du auch hier gezeigt, wie deine ſcharffe Ra
60 193 1528 409 et
63 369 1639 511 D ryf ih iund mn to ſ ſhh mi hinichihi,
64 470 1546 609 Dß ih n dieſen werk geſhickt ind nini
64 560 1562 702 umd in der Dichtinſt iar die heah ai i,
47 674 1438 797 Doch alſo, daß ſie fich in ihre Schrancken faſe:
13 777 1414 892 Damit die Fabel nicht der Wahrheit widerſteh,
71 878 1464 992 Vielmehr ihr Schattenbild derſelben Licht erhoͤh.
72 977 1570 1094 Die Groͤſſe dieſer That, wie deiner Treu und Liebe,
15 1077 1613 1183 Erfordert etwas mehr, als die gemeinen Triebe,
77 1176 1679 1278 Die ſonſt ein Dichter fuͤhlt: Drum gieb mir Geiſt und Kraſt,
79 1277 1666 1434 Daß deſs nein eiit de ſee Riren ſthmſft
647 1434 896 1480 R
39 1508 1649 1664 D churfuet Friderich, der sctige geheſen,
83 1656 1660 1763 Beherrſchte dazumahl das Segenreiche Meiſſen,
86 1743 1603 1851 Ein Herr, der dieſes war, was er im Sprichwort hieß,
85 1839 1563 1950 Und ſeines Nahmens Krafft ſelbſt in der That erwieß,
43 1934 1568 2036 Dem, ſeinen Bruder⸗Krieg nur einzig ausgenommen /
74 2032 1566 2135 Sehr wenig Fuͤrſten ſonſt an Tugend gleich gekommen /
19 2120 1459 2222 Der jeden Tag beklagt, an welchem ſeine Hand
84 2210 1622 2310 Ein. gutes Werck zu thun, nicht Zeit, noch Mittel fand.
2 2304 1620 2399 NurCunz vonKRauffung war derMeynung ganz zuwider /
42 2389 1586 2493 Und ſchlug des Fuͤrſten Huld und ſanffte Guͤte nieder;
91 2485 1469 2578 Der allen Guͤtige war ihm nur ein Tyrann,
78 2575 1634 2715 Dieweil er gegen ihn im Rechte nichts gerwi,,
