1733 2854
877 339 977 504 ri
222 578 1561 1103 eeet
755 224 1119 310 Der
742 531 967 595 oder
531 771 1273 863 Erſtes Buch.
104 338 1691 1203 —
318 883 1606 1019 VIRILIVS.
147 1192 1158 1272 Varioque rarum fluctuat æſtu.
276 1352 1538 1468 e Es Cunzen Prinzenraub / des Roͤh⸗
433 1441 1544 1543 tefehaten⸗
405 1516 1557 1612 Wodurch der Rauber ſelbſt in deſſen Hand
249 1585 1676 1672 gerathen,
295 1653 1649 1741 Beſing ich dieſesmahl: Es traͤget mein
55 1721 1629 1891 iinbdee n, ratau usn.
107 1877 1585 1976 Noch von dem Koͤhler ſtammt, der den geraubten Prinzen
104 1953 1560 2054 Die ſuͤſſe Freyheit gab, die Hoffnung den Provinzen,
103 2036 1508 2141 Den Aeltern ihren Troſt, dem Churhauß ſeinen Glanz,
40 2099 1686 2226 Der Boßheit ihren Lohn, und ſich den Ehren⸗ Cranz.
165 2235 1590 2353 Unendlich groſer uͤrſt! der du im Himmel ſizeſt,
97 2333 1645 2436 nd dort von deinem Thron der Erden Firſten ſchuneſt,
102 2410 1498 2521 Der du den David offt vom Untergang befreyt,
106 2494 1474 2643 Wenn mancherley Gefahr ihm ſchon den Todt gedraͤut:
509 2586 1504 2668 2 Der
530 2654 737 2688 1
