2151 3200
426 38 1649 195 3 Des Sachſi ſchen
857 159 1048 196 4,
479 205 1934 309 Daſelbſten ſann er nun,/ was wichtigs zu vollenden,
459 291 2079 493 XXXXXXX.
479 490 2072 589 Was man zu Altenburg, am Hof des Furſten, trieb
478 581 2079 685 Hierzu ward ſonderlich Hanß Schwalb, ein Koch, ge⸗
1416 679 2068 749 nommen,
477 748 2075 855 Der durch des Cunzen Liſt, ins Furſten Dienſt, gekommen ·
478 850 2075 944 Auf daß ihm, was geſchah, in Eil berichtet war,
479 950 2001 1064 Und einer, Schweiniz, trug die Brieffe hin und her.
586 1084 2067 1182 O wie iſt doch der Menſch ſo ſinnreich, ſich zu ſchaden,
392 1178 1964 1273 Und eine ſchwere Laſt auf ſeinen Hals zu laden!
437 1268 1972 1367 Er weiß nicht, was er will,, haßt das, was er beſizt,
483 1368 2052 1465 Sucht, was ihm Schaden bringt, und fleht das, was
1143 1456 1595 1537 thm nuzt
482 1535 2049 1632 Cun, hatte Geld und Gut, und war an Ruhm geſtiegen,
463 1629 2017 1728 Und dennoch wuchs dabey ſein heimlich Mißvergnugen ,
482 1726 1853 1828 Er fande keine Ruh, die Rach⸗ und Ehren Sucht
321 1802 1970 1924 Trieb noch den kleinen Reſt der Tugend in die Flucht,
583 1937 1969 2043 Der Satan haͤtte ſich an Meiſſen gern gerochen,
477 2032 2042 2204 Nachdem der Bruder Krieg ſo glucklich unterbrochen /
579 2238 2025 2325 wir auch beyde Nahmen gebrauchet, weil an die en kleinen Neben Um
500 2267 2038 2387 t viel aele en. Die esa er Rieſenberguenen, wie ere
535 2345 2022 2433 aungemerckt, moͤgen vermuthlich einen geringen Fehler bege
803 2393 2034 2498 eh man hiervon nichts gewiſſes entſcheiden und beſt ummen
594 2443 2022 2577 i auich eine Begierde hat ddeeee leecchgultige Sache grunolis
576 2491 2035 2611 aus iumache.1 woh will meim e Vater in ſeiner Vorſtellung
565 2547 2029 2645 erleyr/ allenthalben enberg geſchrieben habe
514 2596 2030 2717 drgtu nif. et z ewoh rdnt, uter a chni tet
573 2664 1939 2759 des gelten via, efehlet haben mogen. Doch es mag ito
1104 2715 1923 2779 XKENor1 20
472 2727 2026 2842 Dieiet laidorderlicghe udnuue ia. a ll .
