1961 3036
266 160 1709 256 Prinzsnr aubes . Buch. rr
145 286 1691 394 Du thuſt den Boͤhmen auch hierdurch den groͤſten Dien
148 373 1723 489 Wenn du dich dieſer That mit Helden⸗Muth erkuͤhnſ
153 473 1720 573 Denn alſo werden ſie die Schloͤſſer leicht bekommen,
157 573 1724 758 eeXeXXXdXXXeeXeXd
162 760 1721 855 Drum auf! nur friſch gewagt , es wird von ſtatten gehnſ
167 873 1722 1017 Hier ſchwieg hier wich der Geiſt, und ſchoß mit einer
250 967 1562 1066 Schlangen
153 1045 1719 1153 Jn Cunzens falſche Bruſt das ſchaͤndliche Verlangen/
173 1137 1719 1245 Den Prinzen⸗Raub zu thun: Der ließ die Lagerſtadt
170 1231 1716 1338 Gleich mit dem Morgenroth vom Schweiſſe naß un matt
283 1441 1713 1534 ſie ihre bißher umſonſt begehrte s4! Staͤdte und Schloͤſſer ſolcher⸗
289 1513 1710 1579 geſtalt mit leichter Muhe wieder bekommen konten: wie ſolches alles
290 1559 1711 1627 nach der Wahrſcheinlichkeit und Moͤglichkeit, mein ſeliger Vater,
291 1605 1711 1672 D. ohann Mari TRILLBb glaubwurdig und umſtaͤndlich ausge
283 1650 1713 1722 fuͤhret hat in der Vorſtellung der mancherleyen Gefahr / welche
278 1699 1714 1769 deneu beyden Churſuͤrſtl. Prtnzen, 1455 porgeſtandeu, elche zu Al
291 1749 1705 1815 tenburg / 1700. gedruckt worden: auch zielet hieranf der ſel. Herr D.
287 1794 1713 1857 RECIENBETR G tn ſeiner gelehrteu Diſputation de Raptu Erneſti 8e
290 1842 1712 1912 Alberti, Duc. Saxon. imgleichen V PIVS, in lagio Kauffungenſi, ſo
227 1892 1710 1961 zu Weiſſenfels / 14. herausgekommen anderer zu geſchweigen, die
287 1938 1708 2006 auf eben dieſe vernunfftmaßige Muthmaſſungen gerathen. Was aber
235 1986 1708 2058 den alten Böhmtſehen Anſpruch gu Meiſſen wegen der oben gedachten
288 2035 1707 2103 entwandten 4. Schloſſer und Stadte, aubelangt; ſo iſt ſoleher endlieh
226 2082 1721 2156 im Jahr 1459: voͤllig gehoben nnd beygeleget worden, als ſich uunſer
244 2131 1713 2200 ſaͤhriger erzog Albrecht mit der damahls kaum 9. jaͤhrigen Priu⸗
287 2180 1711 2244 zeßin Zedena oder Sidonia, des Koniges tn Böhmen Georgi. Padibradii
287 2227 1709 2292 Tochter, vermaͤhlte, welches Beylager hernach, 1464. wuͤrcklieh
293 2272 1715 2343 vollzogen worden als wodureh ihm die bißher in Anſpruch genommeue
296 2320 1714 2388 64. Staͤdte und Sehloͤſſer gleiehſam zur Heimſtener mitgege n uu
296 2368 1714 2436 damit dieſe Forderung gaͤntzlieh aufgehaben ward. Der damahls au⸗
295 2418 1714 2509 geriehtete Vertrag oder Richtung, im Jahr 145 zwiſchen der Cron
296 2458 1714 2527 Boͤhmen und dem Hauſe Sachſeu, tſt gautz zu leſen in M LERS
292 2511 1723 2578 Reichstags⸗betro, unter Friderico V. in der . Vorſtellung, Cap. ↄ
297 2550 1716 2620 p. 537. ſqq. Siehe Siegin. von BIRCXEN Sachſiſ. elden⸗Saal
270 2602 1715 2665 Part. . ag. 72. Conf. 8ʒ BOIEMI Vita Alberti &c. item Harti·
285 2638 1713 2709 XAMM RMEISTERI Anales Erfurt. apud M E EN Tom
299 2696 1219 2760 IIJ. ſcriptor. Rerum German. pag. 1228.
