1691 2774
68 33 556 155 a
572 33 1212 155 DeeSchſiſchen

86 173 207 310 Dek
232 173 464 310 dugurd
476 173 854 310 hiergeseat,
866 173 1134 310 wiedene
1147 173 1354 310 ſcherſe
1366 173 1659 310 Nache-

71 275 197 401 Und
208 275 377 401 weze
461 275 641 401 bricht
662 275 810 401 noch
820 275 905 401 füit
926 275 1074 401 hehe
1084 275 1316 401 Rcaveer
1337 275 1517 401 wache:;

73 377 226 502 Dich
247 377 359 502 ruff
369 377 450 502 ich
461 377 624 502 izund
644 377 776 502 ans
797 377 1123 502 komnteh
1133 377 1235 502 mt
1255 377 1602 502 huffteichber,

73 477 221 595 Daß
230 477 313 595 ach
331 477 396 595 zu
414 477 599 595 dieſem
617 477 820 595 Werck
830 477 1060 595 geſchiekt
1069 477 1189 595 und
1198 477 1401 595 munter
1420 477 1512 595 ſey⸗

73 577 201 694 Lind
218 577 286 694 in
295 577 397 694 der
415 577 739 694 Sichtkunſt
756 577 902 694 zwar
910 577 996 694 die
1013 577 1235 694 Frerheit
1244 577 1415 694 getten
1432 577 1560 694 laſſe:

71 681 251 787 Hoch
268 681 431 787 alſo,
447 681 562 787 daß
570 681 644 787 ſie
652 681 750 787 ſich
766 681 832 787 in
840 681 954 787 ihre
963 681 1298 787 Schrancken
1306 681 1437 787 faſſe:

75 783 291 885 Damit
307 783 392 885 die
400 783 570 885 Fabel
585 783 725 885 nicht
740 783 825 885 der
841 783 1127 885 Wlahrheit
1142 783 1413 885 widerſieh,

78 885 377 982 Nielmehr
393 885 881 982 ihrSchattenbild
897 885 1149 982 derſelben
1165 885 1298 982 Licht
1306 885 1448 982 erhöh

79 985 210 1084 Die
288 985 419 1084 röſſe
435 985 590 1084 dieſer
605 985 799 1084 That,
814 985 915 1084 wie
930 985 1101 1084 deiner
1116 985 1255 1084 Treu
1263 985 1379 1084 und
1387 985 1534 1084 Liebe⸗

100 1089 1647 1293 —

90 1281 412 1436 Desdeſes
423 1281 956 1436 memdedichtdem
978 1281 1078 1436 dier
1122 1281 1277 1436 dagen
1300 1281 1455 1436 chuc

689 1435 736 1479 *k
743 1435 783 1479 X
794 1435 859 1479 —
866 1435 895 1479 *

644 1469 712 1507 a
718 1469 833 1507 X
841 1469 868 1507 ²

1644 355 1664 390 3

110 1519 1594 1757 —

93 1742 209 1849 Ein
224 1742 395 1849 Herr,
410 1742 503 1849 der
511 1742 673 1849 dieſes
681 1742 836 1849 war,
851 1742 975 1849 was
983 1742 1045 1849 er
1068 1742 1138 1849 m
1145 1742 1463 1849 Sprichwort
1478 1742 1602 1849 hieß⸗

85 1838 220 1942 Und
235 1838 707 1942 jeines⸗Scahmens
715 1838 887 1942 Krafft
895 1838 1037 1942 ſelbſt
1045 1838 1112 1942 in
1120 1838 1210 1942 der
1232 1838 1360 1942 That
1375 1838 1562 1942 erwieß,

96 1947 296 2034 WDem,
303 1947 463 2034 ſeinen
477 1947 885 2034 Bruder⸗Krieg
898 1947 1005 2034 nur
1019 1947 1172 2034 einzig
1179 1947 1567 2034 ausgenommen,

95 2035 259 2131 Sehr
266 2035 443 2131 wenig
457 2035 663 2131 Fürſten
678 2035 805 2131 ſönſt
820 2035 898 2131 an
912 2035 1118 2131 Sugend
1132 2035 1281 2131 gienh
1295 2035 1565 2131 gekomwen,

25 2125 223 2220 —Wer
238 2125 386 2220 jeden
400 2125 521 2220 Tug
535 2125 783 2220 beklagt,
797 2125 875 2220 an
882 2125 1123 2220 welchem
1130 2125 1264 2220 ſeine
1285 2125 1420 2220 Hand

96 2209 375 2307 Ein⸗autes
388 2209 576 2307 Asertk
590 2209 653 2307 zu
667 2209 827 2307 chun,
841 2209 980 2307 nicht
1001 2209 1154 2307 Zeit,
1175 2209 1496 2307 noch⸗Slittel
1510 2209 1621 2307 fand.

96 2306 266 2396 Nurd
279 2306 390 2396 unsz
396 2306 507 2396 von
521 2306 834 2396 Kautfung
847 2306 1057 2396 varder⸗
1063 2306 1619 2396 Neynungganzzuwider,

99 2396 221 2491 und
228 2396 394 2491 ſchlug
408 2396 509 2491 des
524 2396 898 2491 FuͤrſtenHuld
905 2396 1021 2491 und
1028 2396 1201 2491 ſanffte
1208 2396 1352 2491 Güte
1359 2396 1532 2491 nieder:

97 2497 221 2577 Der
234 2497 366 2577 allen
372 2497 576 2577 Suͤtige
582 2497 700 2577 war
713 2497 825 2577 ihm
838 2497 936 2577 nur
950 2497 1028 2577 ein
1048 2497 1468 2577 Shrann,

91 2578 332 2672 Dieweil
345 2578 412 2672 er
425 2578 579 2672 gegen
592 2578 686 2672 ihn
699 2578 779 2672 im
786 2578 973 2672 Rechte
987 2578 1147 2672 nichts
1160 2578 1354 2672 gewam

1457 2616 1605 2707 Denn
