2151 3200
426 38 1760 202 s.Des Sschſiſchen
857 147 1066 196 4
478 205 1991 314 Daſelbſten ſann er nun / was wichtigs zu volenden,
479 291 1881 401 Doch unterließ er nicht, Spionen auszuſenden;
459 396 2079 493 Damit von allem dem ihm nichts verborgen blieb,
479 488 2072 590 Was man zu Altenburg, am Hof des Fuͤrſten, trieb
478 578 2079 685 Hierzu ward ſonderlich Zanß Schwalb, ein Koch, ge⸗
1416 679 2068 752 nommen,
477 744 2075 860 Der durch des Cunzen Liſt , ins Fuͤrſten Dienſt, gekommen;
478 840 2075 947 Auf daß ihm, was geſchaͤh, in Eil berichtet waͤr,
479 936 2001 1064 Und einer Schweiniz, trug die Brieffe hin und her.
586 1084 2067 1190 O wie iſt doch der Menſch ſo ſinnreich, ſich zu ſchaden,
392 1174 1964 1273 Und eine ſchwere Laſt auf ſeinen Hals zu laden!
437 1265 1983 1368 Er weiß nicht, was er will, haßt das, was er beſizt,
483 1368 2052 1465 Sucht, was ihm Schaden bringt, und flieht das, was
1143 1450 1644 1537 ihm nuͤzt:
482 1535 2049 1634 Cunz hatte Geld und Gut, und war an Ruhm geſtiegen,
463 1629 2017 1737 Und dennoch wuchs dabey ſein heimlich Mißvergnuͤgen,
482 1725 1907 1829 Er fande keine Ruh, die Rach⸗und Ehren⸗ Sucht
321 1802 1971 1924 rieb noch den klenen der d dugend in de giucht,
541 1936 1999 2046 Der Satan haͤte ſich an Meiſſen gern gerochen,
477 2028 2046 2204 Nachdem der Biuder Kries ſogllckich unterbrochen
467 2143 2011 2198 . Oa
565 2232 2041 2323 ni beee Nehmen cebreuchet, weil an dieſen kleinen Neben—
500 2267 2038 2387 üeſieitü ihtie idiedieieiueidtieee
535 2343 2039 2435 et t e eü iiiiig ſ eikt e e zr ir
803 2396 2034 2518 e i iin rirnnic cüüſ i
589 2443 2033 2577 ric EiſiW iiünin e
576 2494 2035 2615 aareuiiileil iitlikkicfnieit ei
565 2541 2029 2665 iitelenfi iii ücüdneirildtlndhnin
514 2559 2030 2730 i ela ta
567 2662 1975 2763 eiil ſehetſsiuü W ltirt
1104 2718 1933 2779 E Ho . . re. cT -
472 2709 2026 2842 oiitii. tiaidd F adi ſ iiiiii
