2224 3144
940 168 1332 255 Vorrede.
258 284 2001 408 ſolches ſchon Caſpar Eylenberg in ſeinem zwar
270 367 2002 491 in der Jigend geſchriebenen lateiniſchen epiche
280 448 2006 571 Gedichte/ um Theil/ erwieſen. Zumahl i
286 532 2005 658 man die Geſchichte ſelbſt mit vielen in derglei
293 617 2008 735 chen Gedichten gewoͤhnlichen poetiſchen Erfin
295 701 2046 809 dungen erleuchten, wo nicht vielmehr verdun⸗
294 785 2009 890 ckeln wolte; welches ich aber aus beſondern Ur
279 867 2076 985 ſachen / ſo viel mir nur immer moͤglich gewe⸗
291 948 2006 1061 ſen mit allem Ernſt und Fleiße zu vermeiden
281 1033 1892 1147 geſuchet habe.
289 1139 2012 1249 Jch habe alſo kein rechtes Helden Gedichte
295 1219 2013 1333 machen wollen: viel weniger wegen Mangel der
306 1304 2014 1415 Kraͤffte, der Zeit, Geduld und anderer Umſtaͤn⸗
308 1386 2001 1489 de, die mir am beſten bekant, machen koͤnnen.
319 1486 2015 1595 Wofern ich aber dieſes lange Werck vor zwan⸗
326 1566 2017 1673 zig Jahren unternommen haͤtte, wie ich von vie⸗
347 1646 2020 1760 len groſſen Goͤnnern und Freunden damahls zum
338 1727 2022 1843 offtern angereget worden; ſo haͤtte es vielleicht
349 1805 2023 1915 beſſer, vollſtaͤndiger und geiſtreicher erſcheinen
342 1886 2022 1998 konnen: denn dazumahl hatte ich ohne eitlen
293 1963 2024 2083 uhm zu ſagen etwas mehr Feuer, Zeit,
345 2046 2026 2159 Muſſe und Geduld war auch darneben mit
350 2129 2025 2248 wenigern und leichteren Dingen beſchaͤfftiget;
351 2207 1932 2315 als in gegenwaͤrtigen Umſtaͤnden. '
451 2301 2031 2438 eſtenn ieerligte es tzo ſo gut, oder ubel
368 2388 2031 2508 esu einer ſolchen Zeit gerathen konnen , da mir
349 2467 2032 2587 eine der abſcheulichſten Kinder⸗ Kranckheiten die
332 2545 2033 2666 neiſte Zeit hinweggenoimen, und viele Sorge
269 2625 2031 2754 iurrh und Verdrit verurſichet dah ic
345 2707 2028 2834 nach verrichteten muͤhſamen Amts⸗ Geſchaͤffteu
356 2813 2033 2892 in
346 2829 479 2873 k
