2231 3154
574 205 1836 296 Vorrede.
116 299 1964 457 ieeXeXiieeiXdXeeleeeenXdeitz
287 375 1960 474 ie ſie dann meiſtentheils von dem beruhmtenBalbinus, in
186 449 1958 552 ſeinen hiſtoriſchen Samlungen von Boͤhmen, den Boregk,
163 525 1956 630 wie auch Hageeius, in ihren BoͤhmiſchenChronicken / und ver⸗
185 603 1959 706 ſchiedenen andern / als glaubwuͤrdig und wahrhafftig, angezo⸗
163 680 1953 783 gen worden; Der wird dieſe unſere erfundene Zaubere in ei⸗
123 756 1952 857 nem Gedichte , ſo viel leichter und gleichguͤltiger yertragen
168 829 1953 937 koͤnnen noch dieſelbe in Betrachtung der damahlgen Zet
188 905 1949 999 und der beruͤhrten Umſtaͤnde, fuͤr ganz unwahrſcheinlich zu
176 983 1948 1091 haltenurſich aber vor Herereen auuſehr
194 1058 1942 1149 fuͤrchten, oder kein Liebhaber von dergleichen bunten Dingen
181 1131 1940 1224 ſeyn ſollte;derſelbe kan dieſeBlaͤtter, wo dieZauberey beſchrie⸗
188 1208 1898 1300 ben ohne Gefahr und Schaden, ungeleſen vorbey ſchlagen.
195 1283 1985 1375 Eben dieſes iſt auch von dem erdichteten ſchwarzenReuter,
213 1358 1933 1446 im dritten Buche dieſes Gedichtes, zu bemercken, welcher dem
160 1431 1934 1520 Cuntz von Kauffungen im Walde begegnet ſeyn ſoll. Derſel⸗
212 1505 1932 1597 be iſt nichts anders, als eine bloſſe Nachahmung des Plutar⸗
220 1577 1992 1664 chus und Aventinus, wie daſelbſt, in der Anmerckung, erin⸗
233 1649 1930 1736 nert worden. Wer ſich aber vor Geſpenſtern und Erſcheinun⸗
228 1722 1929 1821 gen allzuhefftig entſezet; kan auch dieſe poetiſche Erfindung,
234 1795 1886 1882 zu ſeiner Sicherheit,/ mit abgewandten Augen , uͤbergehen.
289 1860 1928 1951 Gleiche Bewandtniß hat es endlich auch mit etlichen Traͤu⸗
236 1933 1929 2026 men, welche in dieſem Wercke hier und dar fuͤrkommen. Der
235 2008 1931 2113 erſe en den Eber und Baͤren im andern uche den die
235 2082 1932 2172 ChurfuͤrſtinMargaretha ſelbſt gehabt, iſt nicht erdichtet; ſon⸗
241 2157 1943 2243 dern vielmehr in der Geſchicht ſelbſt wuͤrcklich gegrundet, wie
242 2228 1991 2327 an demſelhen Orte angezeiget worden; Der andre aber nach
245 2300 1932 2387 der Entfuͤhrung der Prinze, eben daſelbſt, iſt von unſrer eige⸗
203 2371 1933 2468 nen Erfndung; gleich wie auch der Dritte im vierten Buche/
247 2445 1940 2528 der dem Koͤhler erſchienen ſeyn ſoll; als welcher eine Nach⸗
181 2511 1934 2610 ahmung aus der fuͤrtrefflichen Henriade des beruͤhmten Hn.
248 2581 1932 2681 Voltaireiſt wie daſelbſt in dernmerckung erwaͤhnet wordẽ
313 2659 1932 2748 Die alten Griechiſchen und Lateiniſchen Dichter hatten
242 2725 1934 2821 durch Einfuͤhrung ihrer unzaͤhligen Goͤtter und Geiſter/ vor
243 2800 1979 2882 dieſem bequeme Gelegenheit, ihre Gedichte nach Belieben /zu
169 2866 1966 3018 erweitarn und auendehe/ au erhand ſhone/  ererr
76 2946 1938 3017 ):) unver-
