1733 2854
859 339 977 504 ri
222 582 1561 774 Der wohlverdiente Koͤhler⸗
576 1005 1364 1103 Æneid. Lil. l.
755 227 1119 310 Der
742 531 967 595 oder
531 771 1273 863 Erſtes Buch.
200 1082 1424 1203 Ille dolos dirumque nefas in pectore verſat
104 342 1691 512 Saͤchſiſche rintzenraub /
318 883 1606 1019 VIRILIVS.
147 1192 1158 1272 --varioque irarum fluctuat æſtu.
276 1354 1538 1468 4. s cumen reren / /ssoh⸗
432 1445 1544 1539 s teyfe hgten/
405 1516 1557 1612 Wodurch der Rauberſelbſtindeſnen Hand
249 1585 1676 1672 lkil mhen
295 1653 1649 1741 Beſins ich dieſeemahl; Es traget mein
55 1721 1171 1806 Gemuͤth
108 1795 1629 1891 Hierzu beſondre Luſt, weil wuͤrcklich mein Gebluͤt
107 1877 1585 1976 och von den oͤhler ſtammt der dengeraubten Prinzen
105 1953 1560 2054 Die ſuͤſe reyheit gab/ die Hoffnung den Provinzen,
103 2039 1508 2141 Den eltern ihren roſt, dem Churhauß ſeinen Glanz,
40 2100 1686 2226 De ihen eii ſih c c
165 2235 1590 2353 Unendlich groſer uͤrſt! der du im Himmel ſizeſt,
97 2333 1645 2436 nd dort von deinem Thron der Erden Firſten ſchuneſt,
102 2410 1498 2519 Dr du den Dard oſt vom untergang teſchc
106 2494 1474 2643 Bunm manchele fahr ihin ſchvn den edt sdit
509 2586 1504 2668 2Der
