2065 3200
865 149 1255 272 Vor rede.
271 283 1934 424 les, kein liſtiger Ulyßes, kein heldenmuͤthiger
278 371 1853 504 Aeneas, kein andachtiger und tapfrer Gottfried,
276 456 1856 576 kein ſieghaffter Heinri., und kein in Vollkom⸗
278 546 1856 668 menheit erſchaffer und Welt⸗ beherrſchender
275 630 1856 744 Adam; ſondern nur allein ein armer und ver⸗
277 719 1857 908 achteter; jedoch zugleich getreuer, frommer
273 808 1858 942 und wohlverdienter oͤhler, oder Kohlenbren⸗
274 896 1859 1014 ner, aufgefuͤhret wird: als welcher wegen ſei⸗
212 976 1858 1112 ner ruͤhmlichen und heldenmaͤßigen That, wor⸗
273 1060 1857 1181 an allen Saͤchſiſchen Landen damahls ſo viel
271 1144 1856 1266 gelegen geweſen, in dieſem Gedichte von rechts⸗
187 1239 1854 1368 wegen, der Held ſeyn muͤſte; woferne man
267 1321 1854 1441 anders ein eigentliches Helden / Gedichte hatte
273 1398 1724 1506 ausarbeiten wollen.
307 1502 1853 1628 Jedoch, da nicht die zufaͤlligen Gaben der
424 1592 1853 1705 uhrt / der Ehren und des Gluckes; ſondern
276 1673 1853 1799 vielmehr die eigenen Tugenden des Gemuͤths,
280 1754 1853 1879 einen Menſchen wahrhafftig groß und vorzuͤg⸗
131 1836 1851 1962 lich machen; ſo waͤre hier noch allerdings die
241 1919 1852 2092 rage, ob dieſer arme Koͤhler, troz ſeiner un⸗
277 2003 1849 2132 anſe nlichen Geſtalt, dennoch nicht den Held
280 2080 1849 2202 fuͤrſtellen koͤnte? inſonderheit, weil ſeine welt⸗
244 2168 1849 2293 kundige That alſo beſchaffen iſt, daß ſich wahr⸗
280 2246 1848 2379 hafftig kein Furſt, oder ſonſt groſſer Herr und
279 2330 1848 2459 Ritter, derſelben zu ſchaͤmen Urſache haben
275 2418 1623 2518 wurde.
324 2517 1844 2638 Jndeſſen iſt doch dieſes gewiß, daß man aus
271 2600 1838 2722 dieſer hochſt⸗ merckwuͤrdigen Geſchichte Vorrath
278 2683 1885 2820 gnug hernehmen koͤnnte, ein vollſtaͤndiges und
280 2756 1840 2964 erbauliches Helden Gedichte zu verfertigenz we
