2046 3200
353 185 2038 275 Vorrede.
361 274 1925 382 reimte teutſche Uberſezung dieſes ſonſt Feuerreichen aber da⸗
355 356 1817 454 durch ganz erkalteten Dichters.
362 428 1916 534 Jedoch nun wieder auf dieſes Werck zu kommen; ſoiſt
360 503 1928 605 daſelbe voi mir uͤberhaupt in vier Buͤcher abgetheilet wor⸗
350 579 1921 683 den; wie es nehmlich die Natur der ergangenen Geſchichte
356 653 1927 761 eigentlih mit ſich gebracht hat war hatte ich wohl das
341 729 1917 830 dritte Buch noch in zwey oder drey Buͤcher eintheilen und in
354 803 1986 901 denſelben fuͤrſtellen koͤnnen was nach der Gefangennehmung
354 881 1927 978 des Cuntzen / furgegangen; Allein wegen der allzugenauen
329 952 1919 1060 Vertnupffung der Sachen/ habe es/ ſonderlich auns Mage
321 1027 2046 1133 der Zeit vor dieſesmahl unterlaſſen: Es koͤnnte aber ſolches
353 1102 2046 1202 wohl kuͤnfftig bey einer andern Auflage geſchehen; wofern
274 1178 1925 1271 man etwan erfahren ſollte, daß ſolche Kleinigkeit dem allzu⸗
338 1248 1926 1345 ſcharffſichtigen Leſer anſtoͤßig geſchienen haͤtte, welches man
316 1326 1954 1430 doch nicht verhofen wil. .. e eed
409 1397 1913 1491 Dem Texte ſelbſt ſind vollſtaͤndige hiſtoriſche Anmerckun⸗
354 1467 1913 1565 gen zur noͤthigen Erlaͤuterung, untergeleget worden, worin⸗
287 1546 1912 1639 nen die meiſten Geſchichtſchreiber, die von dieſen Prinzen⸗
308 1617 2010 1713 raube gehandelt haben / gegen einander gehalten, deren ver⸗
160 1689 1942 1798 ſhiedene Mepnungen/ ſo viel moglich / verglichen und die
296 1766 1920 1864 wahrſcheinlichſten daraus ausgeſuchet und bekraͤfftiget
275 1910 1929 2009 Am Ende des Wercks ſind zwey nunmehr ſelten gewor⸗
285 1985 1921 2087 dene kieine Schrifften von dem bekannten Vulpius, und
163 2055 1909 2158 dem beruͤhnten Tenzeln / angehaͤnget worden worinnen die
195 2130 1915 2229 begierigen Leſer die gantze Geſchicht in ihrem voͤlligenZuſam⸗
348 2204 1920 2307 ehange /ohne poetiſche Erfindungen und untergemengte
236 2271 1906 2376 abelnauf einmal einſehen und mit leichternuhe ſaſen kon⸗
235 2345 1904 2445 nen. Ob un gleich in beyden Stuckeneinerley Beweißthu⸗
281 2414 1902 2522 e ſurtonpn ſo habe boch leraiesincderlffin;
317 2487 1928 2593 e ereedarrnnen eigenmnachii ateirerche iän⸗
159 2556 1910 2666 e e nn. euch hac ſümänöe cfii.ciit
356 2629 1897 2735 e rehteeieeten n hhls ,/ ieic ůä/   i
176 2700 1895 2861 X eeeeeieXeiiniciiiiirnieiiie
564 2791 1894 2860 as mehr erhabnen Schreibart einer Dde.deſto beſſer
256 2784 1864 2936 eeueenSthrtant en de iwen
