1844 3036
290 97 1561 226 Prinzenraubes / I. Buch. 5
0 224 1537 359 Denn als er wiederum die Guͤter raͤumen ſollte,
0 310 1544 450 Die er als Pfand beſaß, doch gern behalten wollte;
0 411 1441 545 Entbrannte dergeſtalt vor Eyſer ſein Gemuͤth,
0 511 1239 637 Da er in Raſerey und heiſſe Wuth gerieth,
8 591 1391 727 E fing, nachdem man ihm die Guͤter abgeſprochen
108 969 1569 1062 davon ammermeiſter / bey MENC EN Tom. J. ſcript. Rer. Germ.
106 1016 1588 1123 ꝑ. 1239. dem vornehnmſten Urheber der bruͤderlichen ſechandlichen Zwietracht
96 1065 1583 1171 zwiſchen Churfurſt Friedrichen den Sanfftmuthigen, und Hertzog Wil⸗
99 1115 1572 1217 helm / und hieſſen Schwickershayn / nebſt denen andern zum Krie⸗
124 1162 1571 1292 benſteine gehorende / als Erenburg und ſo weiter , welche alle in
128 1216 1576 1306 Meiſſen lagen. Churfur Friederich hatte ſie dem Cunz von
127 1264 1586 1360 Rauffungen auf eine Zeitlang, zum Beſiz und Gebrauch, eingerau⸗
134 1308 1574 1409 met, biß nehmlich der Krieg wuͤrde geendiget ſeyn; weil im Gegen⸗
137 1354 1575 1450 theil die Guͤter des Cunzen / in Thuͤringen, von der ferndlichen Par⸗
144 1402 1578 1500 they ebenfalls eingezogen und uͤbel mitgenommen worden waren. Allein,
147 1446 1579 1551 als der Krieg endlich beygeleget war wolte doch Cunz dte anſehu⸗
156 1502 1579 1590 lichen Vizthumiſchen Guter gern eigenthuͤmlich behalten , und nicht wie⸗
155 1547 1593 1642 der herausgeben, unerachtet er dießfalls einen eigenhandigen Revers
159 1590 1584 1691 von ſich ausgeſtellet hatte, welcher annoch bey denen auffungiſchen
161 1640 1581 1732 Original⸗Aeten / in dem Wittenbere iſchen Archive / zu befiden.
168 1691 1586 1779 Als er aber eudlich durch eingeholtesrtheil und Recht darzu auge⸗
163 1734 1582 1830 halten ward, daß er ſolche nur Bedingungs⸗weiſe bißher beſeſſene Guter
166 1781 1581 1874 ſeinem rechtmaßigen Eigenthuͤmer wieder aushandigen ſollte; ward
89 1827 1592 1928 er daruͤber dermaſſen eutruſtet, daßt er auf dieſe ſo unbeſounene als
167 1873 1583 1965 unerhorte Rache verfiel, die Churfuͤrſtl. Prinzen zu rauben, und ſich alſo
171 1924 1590 2016 au dem Churfuͤrſteu wegen ſeines vermetutlich erlittenen Schadeus, nach⸗
172 1969 1590 2058 druͤcklich zu erholen. Dieſes iſt die wahre rſache ſeiner tollkuͤhnen
175 2018 1592 2109 Unternehmung, uicht aber die von dem Churfuͤrſten ihm abgeſchlagene
187 2064 1592 2150 Ranztou, vielweniger einige noch ruckſtandige Gel forderungen, wie
181 2113 1591 2192 FABRICIV8, BO]EMVs, ALBINVS. Bir en ubner / und
474 2161 1512 2192 —
181 2161 1634 2245 ſehr viel andere Seribenten irri dafuͤr gehalten; Denn des Cunzens eigen⸗
180 2204 1592 2293 haͤndige uittung / und des hurfuͤrſteus Manifeſt / welches er dieſer
185 2253 1616 2336 Sache wegen, an die Reichsſtande, damahls ergehen laſſei, und welche
183 2301 1596 2389 beyde Documenta aunoch in dem Wittenbergiſchen Archive befindlich,
185 2346 1597 2454 beweiſen das Gegentheil klahrlich und uunwiederſprechlich daher auch
185 2395 1599 2480 dieſe gegrundete Meyuung der anderu utngegrunde en voi A GITT-
93 2440 1608 2526 RIO, REEEBERGIO, VLP1O; VE-
95 2489 1600 2573 XIO, TENEL1O, TRILLERO, und allen andern ueuern
182 2534 1608 2630 billig fuͤrgezogen wordeu , als welche die nur ang zogene herrliche oe
192 2589 1530 2706 cumenta um Theil, ihren Schriften eiuverleibet haben ·
1186 2683 1371 2708 *
