1927 3004
306 174 1588 257 Voor re de.
0 258 1779 352 zenraube und Trilleriſchen Geſchlechte, welehe auch hinten,
62 334 1749 426 wie erwehnt, angedruckt worden.
87 398 1695 485 Ob nun dieſes gleich von ungefehr geſchehen; ſo habe es
56 468 1697 562 doch nicht von ungefehr angenommen, ſondern ſogleich einen
54 540 1702 711 eeeXeXneinz eli
49 684 1733 837 endlich in gegenwartigen Stand gekommen, worinnen es
50 756 871 917 nunmehr oͤffentlich er cheinet.
66 889 1700 981 che fuͤrzunehmenj weil es mir allzuruhmraͤthig geſchienen, mit
60 959 1711 1055 ſeinen Ahnen und Geſehlechte viel zu prahlen, indem ich alle⸗
0 1030 1701 1122 zeit dafuͤr gehalten, daß es ruͤhmlicher ſey, den alten Glantz
73 1101 1665 1193 ſeiner ehrlichen Vorfahren durch eigene helle Verdienſte, zu
135 799 1922 912 Auſſer dieſem, hatte ich billig bey mir angeſtanden, die Sa⸗
71 1170 1788 1340 eeieeeXdeeeeeeeeeeXeXitet
58 1309 1789 1398 nen Schrifften, offters Meldung gethan habe.
84 1372 1286 1401 e
84 1356 1828 1469 Nachdem aber dieſe Urſachen verhoffentlich wegfallen; ha⸗
74 1440 1750 1543 be ich weiter kein Bedencken getragen, dieſe merckwuͤrdige
77 1512 1705 1606 Geſchicht poetiſch furzuſtellen, die in mehr, als funfzig hiſto⸗
88 1576 1667 1670 riſchen Buͤchern bereits weitlaufftig beſchrieben worden:
98 1646 1667 1738 Wiewohl ſich dennoch etliche ſo tollkuͤhne Leute gefunden,
101 1715 1711 1806 welche ſich nicht geſcheuet / dieſe Geſchicht in Zweifel zu ziehen,
89 1784 1706 1874 da doch der gedruckten Schrifften nicht zu gedencken, die
99 1851 1664 1944 dießfalls ergangenen Original⸗Aeten in dem Churfarſtl.
88 1921 1669 2015 Wittenbergiſchen Archive, noch biß dieſe Stunde vorhanden.
90 1988 1669 2084 Allein, da man eut zu Tage alles lacherlich und ungereimt be⸗
93 2059 1667 2151 wieſen, oder da ich recht kunſtmaßig rede /demonſtriret haben
89 2127 1668 2222 will; ſo gar, daß man auch die wichtigſten Glaubens⸗Arti⸗
92 2194 1699 2287 ckel mit dem Circkel und Winckelmaße auszumeſſen ſich
91 2260 1720 2351 wahnwizig erkuͤhnet; ſo wird man auch kuͤnfftig um ſo viel
94 2333 1812 2421 mehr alle hiſtoriſchen Wahrheiten Geometriſch und mit zu⸗
76 2397 1712 2496 reichenden Gruͤnden beweiſen muͤſſen, welches luſtig aus⸗
91 2481 1742 2565 ſehen wird.
165 2535 1743 2621 Diejenigen fleißigen Mußigganger aber, welche wider
94 2604 1725 2740 Affen, Spinnen, Maͤuße/ Kazen und andre ſoiche Tiere n
92 2671 1245 2758 unſeren Fabeln/ der ſehr ähnlichen Gemuͤths⸗
1567 2732 1716 2801 mit
1313 2659 1811 2757 erwandſchaft
