2263 3200
959 194 1350 285 Vor rede.
328 286 1998 413 bekannten Prager⸗ Schloß Wiſcherad; ferner von
328 372 1999 507 ihrerManngehaͤßigenMagd Vlaſta: auch von der
328 454 2001 598 gottloſen Herzogin Drahonuira, die endlich leben⸗
326 545 2002 682 dig von der Erden ſoll verſchlungen worden ſeyn;
308 633 2045 762 dann auch von des Horymirz oder Horimwus
328 720 2008 847 redenden Zauber / Hengſte, Schemick enannt,
328 797 2009 930 welcher mit dieſem ſeinem Herrn nicht a ein uber
312 890 2007 1053 die hohen Schloß/Mauren; ſondern auch ſo ar
332 972 2002 1093 uͤber die Moldau geſetzt haben ſoll: vornehm ich
317 1064 2006 1178 aber von dem ErtzHexenmeiſter Zyto, der zu
325 1153 2006 1270 Koͤnigs Wenzels des unarti en, Zeiten einen an⸗
320 1228 2003 1351 dern armſeligern Zauberer iß auf die Schuhe,
322 1323 2002 1436 verſchlungen, und dann eckelhafft wiederum von
326 1399 1999 1525 ſich ge eben zu haben, meiſtermaͤßig geruͤhmet
295 1484 1997 1603 wird; Jzo nicht der Zeit verkuͤrzenden Hiſtoͤrchen
321 1571 2002 1688 zu gedencken, die von der Neuhaͤuſiſchen, oder
288 1657 1995 1780 auch Roſenbergiſchen Weiſſen Frau Perchta, und
217 1735 1991 1851 nhrem jahrlich verordneten allgemeinen ſuͤſſen
289 1827 1990 1939 Brey, von der Bernſteiniſchen Jungfrau, den
283 1907 1988 2022 feurigen Bohmiſchen Reutern, dem nach dem
310 1990 1987 2098 Todte herum reutenden General; dem auf einem
281 2070 1984 2184 dreybeinichten Pferde ſchnelltrabenden Moͤnch,
317 2155 1982 2259 dem rachgierigen Juncker Ludwig; den vielen
319 2236 1992 2336 grauſamen Geſpenſtern in dem Michaͤels⸗Kloſter:
110 2312 1980 2428 allwo dieſe Kloſter⸗ Geiſter alsEißgraue Maͤnner
140 2391 1974 2513 E LgH e ſt tlitt Suge ttuden hatten a
292 2473 1973 2591 ſt Maner ohne Kopf erſcheinei, und doh
253 2546 2046 2668 ſeufzen ſollen; und vielen andern dergleichen trau⸗
323 2631 1961 2735 rigluſtigen Begebenheiten, in Boͤhmen allent⸗
320 2704 2248 2825 halben herumgetragen worden.
322 2785 2261 2976 er und noch mehr andre ei
