1806 2973
552 120 1497 205 Vorrede.
410 195 1756 296 unvermuthete Erfndungen zum Vergnuigen der Leſer dahe
418 255 1755 357 ſm uberfiß zunehmen: Die Gotter bekamen alſo beh ihnen
412 323 1756 423 mehr zu thun als faſt die Menſchen ſelbſten: hierdurch konm⸗
407 386 1753 488 ten ſie das wunderbare in ihren Gedichten nicht alein g-
402 449 1753 558 ſhwind erwecken ſonderngigh oor leiht ehehteniw
393 515 1752 614 ohne Muͤhe forfuͤhren; ſintemahl immer eine Gottheitgleich-
393 580 1752 721 tieeeeXedene
383 646 1752 756 die Handbietennuſte Alein dieſetsreſſeydunehe reep
378 709 1753 820 net; nmn aberynſtandigen Vorthell/ſſ ee Mte
375 775 1747 882 heuiremmichte der Religion, beraubet; daher wir nuneheo
367 840 1788 951 ünſrg Zcht u andern eriaubten Dingen nehnenniſen
350 908 1746 1017 i vs ſoenannte wunderbare in unſen eeiehie
16 971 1745 1084 aaringenund e angenehmelbwechelungdem ſonſtleicht
304 1043 1741 1153 ſhtifcncier machen wölen. Dahin gehoten nn uiet
344 1109 1741 1218 üüü ch bie raümnme weiche woſe ſparſam udgeſhict
337 1181 1737 1290 angebracht werden/ nicht unangenehnm zu leſen ſind
331 1248 1737 1359 aicrhand autenmoraliſchenedancken Anlaß geben oonen
336 1315 1756 1432 iſs n aiſo di chr urſtche gewgeſeſei/ nn  i
321 1383 1733 1495 iie aihier zun heil erdichtet worden : ohnerehit
305 1452 1755 1578 n i ihi üi eietidei l eu hilt rnendn
308 1523 1753 1631 erachtlichen Geſelſchafft der ſchlaͤfrigen Traͤumerbeyute
302 1593 1762 1705 en ſuchet. Wen aber auch dieſe Traͤume etwan ihffhlen
198 1657 1740 1774 ſoin, en ras vmßſhlt heit iu age der tadelſichtgn
235 1734 1765 1847 Welt nicht?? der kan dieſelben auch nach Belieben vorbe
245 1804 1722 1915 ſchlagen und unberuhret laſſen: denn ſie ſnd ohne dem kein
275 1878 1785 1991 Hauptwerck des Gedichtes; ſondern vielmehr nur darzwi⸗
266 1953 1751 2060 ſchen geſchobene Erdichtungen/ welche dem Leſer eine ange⸗
261 2024 1750 2141 nehme Abwechſelung erwecken ſolen, danit das edichte
255 2094 1702 2211 ſelbſt nicht ſo imager und trocken herauskommen mose
306 2166 1744 2286 uſer dieſen eingeſchalteten Zwiſchen⸗gbeln abe hehe
210 2241 1705 2362 onſt keine fien i d etheereholten inge edihet
224 2319 1742 2437 vielweniger eine prachtige ent Schule/ koſhare Klee
223 2390 1700 2509 Kammer oder kuͤnſtlichen Mohrentan oder PlanetenBa
220 2465 1737 2572 let, und dergleichen, fuͤrſtellen wollen als welches insgemein
176 2534 1696 2659 ſchlechten Nuten bringet md nur lacherlich ode gr eoe
135 2610 1717 2730 hafft lautet: Vielmehr habe ich geſucht, das Werck brauch⸗
1587 2705 1688 2780 bar,
