1932 3182
306 147 1730 251 Prinzenr aubes I Buch.
0 274 1708 386 Daß Eintracht, Lieb und Treu die Oberhand gewann /
5 367 1657 466 Und traf in Cunzens Herz ein tuͤchtig Werckzeug an,
5 467 1616 569 Um ſeinen boͤſen Zweck nach Wunſche, zu erlangen,
10 560 1545 661 Und neues Ungemach und Ungluͤck anzufangen.
15 648 1662 760 Er ſchuͤttelte ſein Haupt, und rief drauf einen Geiſt
14 753 1621 869 Den man Verwegenheit und freche Rachluſt heiſt,
8 859 1541 962 Sein trozig Angeſicht gluͤht von der Eyfers-Hize,
0 960 1670 1057 Aus ſeinen Augen gehn viel fuͤrchterliche Blize,
0 1058 1714 1157 Er ſieht nie hinter ſich, Verzweiflung, Fiuch und Schmach
1 1156 1711 1252 Laͤufft neben ihm, und Scham und Reu folgt hinten nach
35 1257 1715 1343 Ein Feuerfarbnes Kleid bedeckt die magren Lenden /
7 1347 1693 1443 Er traͤget Fackeln, Schwerdt und Schlangen in den Haͤnden,
0 1445 1716 1537 Rennt vielmehr, als er geht, eilt frech auf alles loß
0 1526 1719 1631 Und zeigt die harte Stirn, nebſt Bruſt und Armen, bloß
0 1631 1711 1722 Geh, ſchrie der Hoͤllen⸗Fuͤrſt, und thu, was ich befohlen
0 1730 1697 1815 Entzuͤnde CunzensHerz, den theuren Raub zu holen
0 1824 1712 1925 Di
152 1962 1635 2033 biß 1451. und alſo leider ! . ganzer Jahre gewaͤhret; worauf endl
113 1964 1717 2086 eheidie lieriR dn ieeieheaieie tieii
166 2068 1699 2138 Liebe wieder von ueuem anet ordee iachdem man die böſei
0 2114 1720 2184 Kathgeber uud verdamnlichen Friedens/Stohrer, welche bißher al
165 2164 1720 2236 is Fener geaoſſen / und ſonderlich den gottloſen Apel von vüthu /
123 2182 1722 2292 ii l eteaetetiel didetctidittieiedidiineieet
193 2266 1718 2343 itittchcin Beitder / telce t ii einhet i eit deti ot icien eiiter
171 2316 1699 2392 erbitteit aeoene/ einaidex ſeleſt xiederun ſehen ud ſrechei koi⸗
176 2368 1701 2438 ne als durch welches Mittel die bruderliche Eintracht gar bald
173 2417 1681 2491 ieee u hegeſelet noreeu.. Meu ſehe bierbi l g in
176 2425 1719 2531 Xer iileerKit Pirtz ſeieeinerie. XeXa
0 2519 1697 2578 ꝑum Sax. ꝑ. 332. RVNI Diſſ. l. pag. 1o. Panl. LAN II Cron.
174 2549 1753 2642 Fiſhmh id iridtit tirz i iis ii cen
153 2617 1700 2685 es 6 5· 46 hronicon Terræ iſn. ibi. v. 3. jn eetie
59 2636 1701 2742 cizt ei a eetiieicdrs
0 2697 1398 2922 rtrct teir chiee
0 2913 26 2977 k
1437 2800 1613 2833 t
653 2812 1431 2845 vJ
563 2829 1429 2862 .
679 2846 1232 2875 .   .
1906 2228 1932 2437 Ai -
