2263 3200
865 183 1290 255 Vo rrede.
71 267 1968 358 Wegen des Tituls des Wercks, habe auch no kur li
218 285 1968 440 u erinnern, da es vieleicht manche tadeln mz
222 400 1969 507 ich denelben gedoppelt eingerichtet: Jch habe aber hier
225 488 1968 625 zu meine beondere Urachen gehabt, welche eben hier zu mel
228 560 1972 657 den nicht nothig finde, zumahl da die Sache willkuhrlich und
230 636 1974 731 von keiner Wichtigkeit it, weil ie wede einen groen Sieg
232 710 1977 798 des Kulichans, oder des unterblichen Kuichen Czaars Pe
230 782 1975 882 ters, des Groen, noch einem gefahrlichen FriedensBruch
230 858 1979 951 der Ottomannichen Pforte, oder andre dergleichen wichtige
225 932 1978 1034 Dinge, anbetri t. Wobey ich mich noch darzu mit dem an
227 1003 1982 1103 ehnlichen Bey piel des erhabenen Tao, uberfluig chuzen
234 1078 1980 1182 kan, welcher ein Weltbekanntes ausbundiges HeldenGe
238 1153 1980 1243 dichte ebenmaig zwiefach betitelt, und demelben den Nah
234 1225 1981 1312 men Il Goffredo, overo Gierualemme Liberata, beyge
220 1307 1986 1393 legt, wie den Gelehrten attam bekannt eyn wird.
225 1375 1979 1469 Sont habe hoh Urache, zweyen groen und gelehrten
256 1398 1986 1604 annern hiermit oentlich chuldigen Danck abzutatten,
268 1520 1986 1605 welche mir bey Ver ertigung diees Gedichtes, gutigen Bey
273 1594 2034 1678 trag gethan haben. Der erte ind Jhro Hochwohlgebohrne
278 1668 1987 1755 Excellenz der Herr geheime Rath undCanzler zu Gotha, Herr
281 1736 1987 1827 Baron von Nitzchwiz, welcher ich bey einen wichtigen
283 1807 1988 1902 Gechafften doch die Muhe gegeben, mix zu Gefallen, die vier
280 1880 1999 1981 zu Gotha befindlichen Gemahlde von dem Prinzenraube, ab
284 1957 1991 2044 zeichnen zu laen und geneigt zu uberenden. Nicht allein die
275 2031 1992 2117 e, ondern auch viele andere Gnadenbezeugungen, die ich eit
285 2102 1993 2195 langen Jahren, o wohl an den Orten und Hofen, woelbt
286 2176 1995 2266 wir zuammen gelebet; als auch auf Reien, und ont, von
287 2235 1996 2345 demelben genoen; verbinden mich billig zu einer verpflichte
285 2326 1996 2418 ten Danckbarkeit, welcher ich tets eingedenck verbleib werde.
290 2400 1997 2501 Der andre it der beruhmte und in allen zierlichen und nutz
281 2473 2061 2573 lichen Wienchafften grundlich er hrene Profeor zu Leip
280 2550 2002 2642 zig, Herr Friedrich Menz, mein ehmahliger treuer Lehrer
277 2623 2017 2720 und nun dreyig jahriger tets redlich erfundene Freund und
275 2697 2002 2783 Gonner ; ein Mann, welcher der gantzen hohen Schule da
277 2766 2103 2857 elbt, eine verzugliche Ehre macht, und weit ein mehrers, als
283 2836 2073 2990 etwan Teutch und rantzoich,/ oder ein wenis trockneM
282 2924 2058 2995 ):)3 e
