1943 3200
405 210 1294 315 Vorrede.
274 312 1899 499 e lee ieenteteieieieit
267 404 1900 520 muͤths Ergezlichkeit, und Abwechslung des be⸗
277 493 1894 617 ſchwerlichen Krancken / Beſuchs / bey wenigen
274 580 1900 703 mußigen Stunden / geſuchet und auch angetrof⸗
277 665 1900 793 fen hähe; ſo daß ich hernach zu meier gewohn⸗
236 753 1898 882 lichen Beruffs Arbeit deſto munterer und freu⸗
277 844 1484 959 diger zuruͤck gehen koͤnnen.
273 937 1897 1066 Jch habe es demnach vornehnlich der gotti⸗
280 1028 1895 1153 chei Vorſehung zum ſhuldigſten Dake und
281 1109 1898 1244 üt hinchſt eienegte e
264 1198 1894 1326 ſci Egei, ud ann den wehien·
280 1283 1890 1410 crläriſchen Geſlehte aun xuhhiichn
236 1366 1885 1490 idſckcn aüfſezen wollen; und bin herzlich
285 1457 1885 1588 ffiääiein e ite nee e
278 1535 1886 1674 ü i ciihihte ci ete ue eelteruene
280 1619 1880 1744 öſck von nenem mmchenn/ daſelbe verbeſ
282 1712 1890 1836 ſrn und augarbeten / eeer gz rr ogr re
166 1789 1936 1918 fhüiel en ud it eine aert geſicttere Forme,
279 1870 1520 2006 i lhrerm Glucke, gieſſe wollte.
305 1990 1876 2117 Jdeſen uhergebees dir hiernit aal in hiſo
280 2080 1860 2197 riſches Gedichte dergleichen vor dieſem unter den
282 2160 1868 2278 rlechen uiitus von Smyrna/ Coluthus von
229 2246 1866 2361 Theben Tryphiodorus und Nounus aus Egy⸗
292 2327 1863 2446 pten un Muſaus aus Athen, oder Alexandrien
280 2407 1857 2516 ebſt andern; unter den Lateinern aber Lucanus,
278 2489 1855 2601 Silius Jtalicus, Papinius Statius / auch zum
281 2574 1851 2676 Theil Claudianus , der vielen neuern izo nicht zu
296 2653 1847 2772 gedencken, die bereits anderswo von mir ange
295 2715 1847 2851 fhr nödr ööide ühch ih aihen hähn
291 2814 1842 2972 welcher Elaſſe es vielleicht den unterſten Pla
1716 2895 1845 2984 hal⸗
