1806 2973
552 122 1497 204 Vorrede.
410 201 1755 291 unvermuthete Erfindungen, zum Vergnugen der Leſer, daher
418 263 1755 349 im Uberfluß zunehmen: Die Goͤtter bekamen alſo bey ihnen
412 328 1756 414 mehr zu thun, als faſt die Menſchen ſelbſten: hierdurch konn⸗
407 394 1753 477 ten ſie das wunderbare in ihren Gedichten nicht allein ge—
402 459 1753 547 ſchwind erwecken; ſondern auch gar leicht unterhalten und
393 522 1752 603 ohne Muͤhe forfuhren; ſintemahl immer eine Gottheit gleich⸗
393 591 1752 721 ſam die andre gebahr, und eine Erfindung der andern daher
384 655 1752 747 die Hand bieten muſte. Allein dieſes groſſen damahls verg n⸗
378 721 1753 806 neten; nun aber unanſtandigen Vortheils, ſind wir izo bey
375 790 1747 878 hellerem Lichte der Religion, beraubet; daher wir nunmehro
367 855 1788 941 unſere Zuflucht zu andern erlaubten Dingen nehmen muſſen,
351 923 1746 1006 wenn wir das ſogenannte wunderbare in unſern Gedichten
16 981 1744 1071 anbringen und eine angenehmeAbwechslung dem ſonſt leicht
304 1056 1742 1144 ſchlaͤfrigen Leſer machen wollen. Dahin gehoͤren nun unter
344 1125 1741 1209 andern auch die Traͤume, welche, wo ſie ſparſam und geſchickt
337 1194 1737 1285 angebracht werden, nicht unangenehm zu leſen ſind/ und zu
332 1262 1737 1349 allerhand guten moraliſchenGedancken Anlaß geben koͤnnen.
336 1331 1755 1417 Dieſes iſt alſo die wahre Urſache geweſen, warum dieſe
321 1398 1733 1486 raͤume allhier zum Theil erdichtet worden; ohnerachtet
305 1465 1755 1563 man ſonſt nicht eben viel von allen Traͤumen haͤlt; noch der
308 1535 1753 1622 verachtlichen Geſellſchafft der ſchlaͤffrigen Traͤumer beyzutre⸗
303 1605 1762 1691 ten ſuchet. Wem aber auch dieſe Traͤume etwan mißfallen
198 1673 1739 1759 ſollten, denn was mißſaͤllt heut zu Tage der tadelſuͤchtigen
235 1749 1764 1831 Welt nicht? der kan dieſelben auch nach Belieben, vorbey
245 1819 1722 1904 ſchlagen und unberuhret laſſen: denn ſie ſind ohne dem kein
275 1889 1785 1977 Hauptwerck des Gedichtes; ſondern vielmehr nur darzwi⸗
266 1959 1751 2051 ſchen geſchobene Erdichtungen, welche dem Leſer eine ange⸗
262 2032 1750 2130 nehme Abwechſelung erwecken ſollen, damit das Gedichte
256 2104 1701 2199 ſelbſt nicht ſo mager und trocken herauskommen moͤge.
306 2177 1744 2271 Auſſer dieſen eingeſchalteten Zwiſchen⸗Fabeln aber, habe
210 2250 1705 2351 ſonſt keine fremden und weithergeholten Dinge erdichtet;
224 2326 1741 2425 vielweniger eine praͤchtige Reut⸗Schule, koſtbare Kleider⸗
223 2399 1700 2496 Kammer,oder kunſtlichen Mohrentanz, oder Planeten⸗Bal⸗
220 2473 1737 2564 let, und dergleichen, fuͤrſtellen wollen, als welches insgemein
135 2545 1717 2717 eeenXeeeeidiiXideeXX
1587 2705 1687 2780 bar,
