2231 3154
574 207 1836 295 Vorrede.
117 297 1964 454 icte oder Gedichte in der Bohmi. Hitorie dulden kan;
287 376 1960 472 ie ie dann meitentheils von dem beruhmtenBalbinus, in
186 450 1958 550 einen hitorichen Samlungen von Bohmen, den Boregk,
163 526 1956 628 wie auch Hagecius in ihren BohmichenChronicken, und ver
185 605 1959 704 chiedenen andern, als glaubwurdig und wahrhafftig, angezo
163 682 1953 782 gen worden; Der wird diee unere erfundene Zauberey in ei
123 756 1952 855 nem Gedichte, o viel leichter und gleichgultiger vertragen
168 829 1953 934 konnen; noch dieelbe in Betrachtung der damahligen Zeit
189 906 1949 996 und der beruhrten Umtande, fur ganz unwahrcheinlich zu
176 983 1947 1088 halten Urach haben. Wer ich aber vor Hexereyen allzuehr
194 1057 1942 1146 furchten, oder kein Liebhaber von dergleichen bunten Dingen
181 1132 1940 1223 eyn ollte;derelbe kan dieeBlatter, wo dieZauberey bechrie
188 1207 1898 1299 ben,ohne Gefahr und Schaden, ungeleen vorbey chlagen.
195 1284 1985 1374 Eben diees it auch von dem erdichteten chwarzenReuter,
213 1360 1933 1444 im dritten Buche diees Gedichtes, zu bemercken, welcher dem
160 1432 1934 1518 Cuntz von Kauffungen im Walde begegnet eyn oll. Derel
212 1504 1932 1594 be it nichts anders, als eine bloe Nachahmung des Plutar
221 1578 1992 1662 chus und Aventinus, wie daelbt, in der Anmerckung, erin
233 1648 1930 1735 nert worden. Wer ich aber vor Gepentern und Ercheinun
228 1722 1929 1820 gen allzuhefftig entezet; kan auch diee poetiche Erfindung,
234 1796 1886 1882 zu einer Sicherheit, mit abgewandten Augen, ubergehen.
289 1862 1928 1950 Gleiche Bewandtni hat es endlich auch mit etlichen Trau
236 1935 1929 2025 men, welche in dieem Wercke hier und dar furkommen. Der
235 2009 1931 2110 erte von dem Eber und Baren, im andern Buche, de die
235 2084 1932 2171 ChurfurtinMargaretha elbt gehabt,it nicht erdichtet; n
241 2157 1943 2242 dern vielmehr in der Gechicht elbt wurcklich gegrundet, wie
243 2228 1992 2324 an demelben Orte angezeiget worden: Der andre aber nach
245 2298 1932 2385 der Entfuhrung der Prinze, eben daelbt, it von unrer eige
203 2371 1933 2465 nen Erfindung; gleich wie auch der Dritte im vierten Buche,
247 2445 1940 2526 der dem Kohler erchienen eyn oll; als welcher eine Nach
181 2513 1934 2607 ahmung aus der furtrefflichen Henriade des beruhmten Hn.
248 2583 1932 2678 Voltare it wie daelbt in derAnmerckung erwahnet worde.
313 2659 1932 2747 Die alten Griechichen und Lateinichen Dichter hatten
242 2726 1934 2818 durch Einfuhrung ihrer unzahligen Gotter und Geiter, vor
243 2800 1979 2884 dieem bequeme Gelegenheit, ihre Gedichte nach Belieben/zu
169 2863 1966 3017 erweitern und auendehien / aih gerhand coene / nereer
76 2948 1938 3014 :: unv
