2111 3200
316 183 1947 322 Di glnd es ſonderlich mit Rechte zugeſchrieben,
382 321 1937 411 Dieweil der Prinzen⸗Raub in Altenburg geſchehn,
341 414 1950 506 Und dann Dein Altenburg, nach ſchmerzlichem Be⸗
1333 511 1542 592 truben,
376 567 1945 691 Mit Freuden, wiederum die Prinzen frey geſehn
378 694 1956 786 Auch ſollt ich danckbar ſeyn, weil ich in gruͤnen Jahren
376 796 1714 883 Den erſten Unterricht in dieſer Stadt, erfahren.
370 1067 1949 1210 D upſer Taſeln ſelbſt, die merne Reme neren,
364 1220 1948 1307 Sind mir von Deinem Hof gezeichnet zugeſchickt,
362 1315 1943 1399 Drum will Dir ſo vielmehr mein Danck dafur gebuhren /
362 1406 1947 1495 Weil es Dein Beytrag iſt, was meine Dicht Kunſt
961 1499 1943 1586 ſchmuckt
354 1594 1904 1688 Denn was mein Kiel zu matt und dunckel abgeriſſen /
350 1694 1686 1799 Wird Deine Schilderey daran erſetzen muſſen.
1064 1890 1171 1935 s
734 1923 1087 1957 e
332 1988 1940 2124 Du wirſt Durchlauchtigſter, in dieſem Buche
290 2127 1939 2317 e ve eae n n n i ht,
305 2320 1932 2421 Wie er Bedrangten hilfft, wenn ſie auf ihn vertrauen,
304 2416 1936 2507 Wie er den Frevel hemmt, und reiner Unſchuld ſchont
317 2515 1869 2603 Weil Du nun alles dieß, nach deſſen Beyſpiel, ubeſt,
260 2608 1817 2708 So hoff ich, daß Du auch dieß mein Gedichte lebeſt
