1843 2929
175 257 1684 366 halten duͤrfftez wenn es der guͤtige Leſer anders
183 348 1509 454 erlauben wird.
190 416 1633 530 iele poetiſchen Zierathen, Begeiſterungen
196 496 1630 603 und weitgeſuchte oder allzuaͤngſtliche und muͤhſa⸗
197 573 1635 682 me Beſchreibungen habe darinnen mit Fleiß nicht
128 651 1632 763 anbrigen rnogen dait die hiſtoriſche ähihäi
191 729 1628 837 unter dergleichen buntes Laub⸗ und Bluhmen⸗
125 808 1632 912 Werck nicht o gar ſehr verſtecket wuͤrde, wie be⸗
197 884 1605 982 reits oben gedacht worden:
189 961 1631 1070 Jedoch habe gleich in dem erſten Buche, eine
192 1040 1627 1147 erdichtete Zauberey mit eingemiſchet wiewohl
196 1114 1630 1229 mehr nach der Gewohnheit der heroiſchen Poeten,
197 1193 1628 1300 als des Homerus, Virgils, Taſſo, Miltons, Ario⸗
199 1268 1626 1391 ſto ja des Voltaire ſelbſten; denn daß ich derglei⸗
152 1338 1626 1505 hich üiiti
194 1438 1630 1602 Wenn man aber dieſelben finſtern und aber⸗
208 1568 1630 1681 glaubiſchen Zeiten, worinnen dieſer Prinzenraub
206 1644 1632 1749 geſchehen, betrachten will; auch inſonderheit in
203 1721 1627 1826 Erwegung ziehet, wie beruffen vormahls Boͤh⸗
209 1804 1654 1903 men wegen allerhand Zaubereyen, Gauckeleyen
207 1873 1629 1979 und Geiſter⸗Erſcheinungen, geweſen; wie unter
210 1953 1628 2057 ndern aus denen abentheuerlichen Erzaͤhlungen
183 2022 1695 2127 ſattſam erhellet, welche von dem Herzoge Crocus,
208 2103 1633 2202 und deſſen beyden Toͤchtern, der Libuſſa und Ka⸗
219 2171 1635 2277 ſcha, die insgeſamt Erz Zauberinnen geweſen
221 2246 1637 2356 ſehn ſollen; hier und dar angefuͤhret werden,
271 2330 1633 2430 eiter von der Libuſſen weiſſen Zauberzelter / und
215 2394 1633 2510 ihrem unterirdiſchen Marſtall voller ſchwarzer
182 2472 1699 2583 Geiſter, ingleichen von ihren prachtigen Hexen⸗
213 2546 1636 2650 Tanzen und Geſpenſter⸗ Verſamlungen auf dem
1524 2627 1644 2698 be⸗
