1886 3106
14 243 1674 395 Dier vlr s nun zwar leicht, euch Beyde zu vergleichen;
55 382 1624 468 Doch Eure Tugenden ſind laͤngſt der Welt bekannt:
59 471 1650 564 Umſonſt ſucht man dem Meer noch Waſſer darzureichen,
62 561 1554 646 Vergebens wird ein Licht der Sonnen angebrannt;
45 646 1727 750 Und was die Fama ſelbſt durch alle Laͤnder traͤget,
65 740 1698 845 Dem wird durch meinen Ruhm, kein Zuſatz beygeleget.
69 1007 1634 1153 Was ver Khter nun von Jenes Gunſt genoſſen:
75 1144 1766 1237 Hofft ſein Verwandter auch von Deiner Guͤtigkeit
75 1236 1752 1325 Wie ich nach dem Geſchlecht, von deſſen Blut ent⸗
5 1332 1690 1412 ſproſſen;
87 1416 1632 1517 So hab ich mich mit ihm, auch gleicher Treu geweiht:
90 1504 1538 1606 So fuͤhl ich auch in mir die eingepflanzten Triebe
91 1595 1677 1696 Von einer redlichen und wahren Sachſen⸗Liebe.
97 1861 1740 2000 Rian aiſo dieſes Werck von Deines Dieners Handen
99 1991 1698 2087 Durchlauchtſter Friederich geneigt und willig hin
101 2085 1753 2190 Wirſt Du auf dieß Gedicht ein gnaͤdig Auge wenden;
61 2184 1704 2280 Denn iſt mein Wunſch erfullt, mehr, als ich wuͤr⸗
813 2264 1733 2362 dig bin:
100 2368 1780 2468 Wird dich auch nur ein Reim in dieſer Schrifft, er⸗
3 2473 1738 2653 S eed ih ehng gi ſe ui unaa hhe.
