2017 3200
503 200 1793 336 . e r h i..n
369 280 1905 418 imit dieſen Creaturen, ungeachtet, bißher ſo edelmuͤthig und
351 369 1906 493 ſiegreich geſtritten haben; werden nun auch vermuthlich all
369 442 1904 569 hier gute Gelegenheit finden, ihre ſchweren und ungeſchli⸗
374 513 1905 636 nen Waffen mit einem ſonſt in dem Scheuren gewoͤhnli en
370 589 1907 715 Nachdrucke, herzhafftig zu gebrauchen. Sie ſollen aber kur⸗
319 662 1906 789 lich wiſſen, daß wir uns nicht dargegen einlaſſen werden, in⸗
354 731 1909 853 dem wir troz ihren abgeſchmackten Spottereyen, lieber bey
371 804 1913 941 unſerer ſogenannten critiſchen Großmuth ferner verbleiben;
338 879 1911 1021 als ihnen an padantiſcher Zan ſucht und pobelhafſten Un⸗
151 951 1912 1093 hoflichkeit,gleich werden wolle; eil jenes allezeit mehr Ehre;
373 1029 1911 1164 e riiii ern ne et
348 1099 1913 1280 ieiiiümofrmfie iinidhenrmeen
308 1202 1907 1361 Fii ohtnutih thnen noch in Bertauen vereeden,/ i uee
376 1304 1907 1422 ihnen nun ieb, oder leid ſeyn, daß dieſes Gedichte unterſchiedenen groſ⸗
379 1366 1909 1486 ſen, gelehrten und in der Dichtkunſt ſelbſt erfahrnen Staats⸗ Miniſtern
347 1427 1910 1550 und hohen Stands⸗ Perſonen, welche es aufmerckſam zu durchleſen ge
342 1487 1907 1614 wuͤrdiget, ehe es noch gedruckt worden, nicht ubel gefallen; ſondern
377 1551 1910 1666 deren gutigen Beyfall vollig erhalten; ſo gar, daß ſie mir beſtandig an⸗
379 1600 1913 1726 gelegen, es dem Drucke geſchwind zu ubergeben. Weil nun deren Urtheil
375 1664 1909 1788 ſcharffſinnig, gelautert und von aller ſolchen Schulſtaubichten Gelehr⸗
373 1725 1909 1851 ſamkeit weit entfernet, dergleichen dieſe Winckel-liebenden Bucher⸗
343 1792 1873 1912 Wurmer etwan beſizen, und Schulermaßig groß damit thun; fie au
360 1849 1911 1968 darneben wegen ihres hohen Standes und anderer Glucks⸗ Vorzuge,gat
378 1908 1909 2027 eietrerit i üiccſtütct nlnenieit
364 1958 1908 2093 ſchmeicheln; ſo wird mir und andern vernunfftigen Leuten ſolcher grſf
300 2023 1909 2156 ſen Maͤnner hochanſehnlicher Beyfall allezeit viel wichtiger und guli⸗
364 2082 1909 2213 ger ſeyn; als aller dergleichen tadelſuchtigen Neider und unreifer Split
334 2139 1905 2270 terrichter hamiſche Abneigung und nichtswurdiges Geſchwaze, welcee
316 2223 1801 2334 aus Wind entſtanden, und wieder in Wind zerfaͤhret.
161 2254 1903 2402 Solten ubrigens in dieſem langen Gedichte nicht alle Verſe gleil
142 2320 1903 2451 ſchon, nicht alle Gedancken gleich richtig und wichtig, nicht alle Erſi-
195 2385 1899 2504 dungen gleich ſinnreich, icht alle Beyworter gleich nachdrucklich del
380 2438 1910 2571 tunſtverſtandigen Leſer ſurkommen, welches man gern zugiebt; ſo eo
289 2502 1899 2625 uns derſelbe dieſe faſt unvermeidlichen Fehler guͤtig verzeihen uid a
337 2560 1900 2685 hi r i H ieinüdiniurüilr aonere
363 2641 1826 2746 rede hiermit beſchlieſſen will:
346 2706 1895 2829 Verum opere in longo fas eſt obrepere ſomnum·
453 2814 1463 2875 ,
388 2837 1332 2892 , ——
402 2867 1069 2908 MM
519 2844 1420 2939 .
