1886 3106
790 177 922 250 εεα

66 244 238 381 Oier
246 244 368 381 wär
376 244 442 381 es
450 244 556 381 nun
572 244 703 381 zwar
719 244 1037 381 leicht⸗euch
1054 244 1217 381 Heyde
1225 244 1282 381 zu
1298 244 1788 381 vergleichen:

62 382 232 468 Doch
246 382 373 468 Eure
387 382 663 468 Jugenden
677 382 797 468 ſind
811 382 974 468 längſt
988 382 1073 468 der
1087 382 1242 468 Weit
1256 382 1624 468 bekannt

66 471 292 563 limſonſt
306 471 434 563 ſücht
448 471 575 563 man
589 471 872 563 dem⸗Neer
886 471 1020 563 noch
1027 471 1246 563 Waſſer
1260 471 1649 563 darzureichen,

69 561 370 646 Vergebens
376 561 517 646 wird
530 561 617 646 ein
631 561 771 646 Licht
785 561 872 646 der
885 561 1132 646 Sonnen
1146 561 1574 646 angebrannt;

73 647 195 750 Und
202 647 325 750 was
332 647 411 750 die
426 647 606 750 Fama
620 647 757 750 ſelbſt
772 647 930 750 durch
937 647 1038 750 alle
1052 647 1247 750 Länder
1261 647 1420 750 träget
1441 647 1672 750 ,

73 732 223 844 Dem
237 732 372 844 wird
387 732 552 844 durch
567 732 762 844 meinen
777 732 1010 844 Ruhm,
1025 732 1145 844 kein
1160 732 1325 844 Zuſat
1340 732 1797 844 beygeleget.

77 1007 283 1139 Was
301 1007 427 1139 einſt
445 1007 535 1139 der
552 1007 741 1139 Köhler
759 1007 866 1139 nun
875 1007 983 1139 von
1001 1007 1171 1139 Henes
1189 1007 1360 1139 Gunſt
1378 1007 1620 1139 genoffen:

82 1145 245 1235 Hofft
259 1145 358 1235 ſein
372 1145 719 1235 Serwandter
734 1145 861 1235 auch
868 1145 974 1235 von
989 1145 1187 1235 Seiner
1201 1145 1456 1235 Gütigkeit

82 1237 231 1324 Wie
245 1237 337 1324 ich
351 1237 492 1324 nach
506 1237 634 1324 dem
648 1237 987 1324 Geſchlecht,
1001 1237 1129 1324 von
1143 1237 1327 1324 deſſen
1341 1237 1503 1324 Blut
1525 1237 1751 1324 ent⸗

1005 1332 1234 1411 ſproſſen:

25 1395 202 1501 —Sd
216 1395 323 1501 hab
337 1395 422 1501 ich
429 1395 563 1501 mich
577 1395 677 1501 mit
691 1395 846 1501 ihm,
861 1395 988 1501 auch
1002 1395 1201 1501 gleicher
1215 1395 1349 1501 Treu
1363 1395 1590 1501 geweiht:

97 1505 220 1594 So
233 1505 343 1594 fühl
356 1505 432 1594 ich
445 1505 575 1594 auch
589 1505 650 1594 in
664 1505 766 1594 mir
773 1505 855 1594 die
869 1505 1238 1594 eingepflanzten
1251 1505 1422 1594 Kriebe

97 1596 260 1696 Nton
274 1596 416 1696 einer
430 1596 672 1696 redlichen
686 1596 806 1696 und
820 1596 1033 1696 wahren
1047 1596 1480 1696 Sachſen⸗Liebe.

106 1862 337 1991 Icanm
345 1862 457 1991 alſo
474 1862 628 1991 dieſes
645 1862 833 1991 Werck
842 1862 1013 1991 vonss
1030 1862 1167 1991 eines
1176 1862 1415 1991 Sdieners
1432 1862 1638 1991 Handen

107 1980 628 2089 Durchlauchtſter
651 1980 1006 2089 Friederich,
1022 1980 1219 2089 geneigt
1235 1980 1346 2089 und
1353 1980 1511 2089 willig
1527 1980 1740 2089 hin:⸗

107 2085 287 2175 Wirſt
309 2085 417 2175 Du
424 2085 525 2175 auf
532 2085 647 2175 dieß
662 2085 871 2175 Gedicht
885 2085 971 2175 ein
986 2085 1173 2175 gnädig
1180 2085 1324 2175 Auge
1339 2085 1569 2175 wendenz

104 2174 288 2270 Denn
303 2174 391 2270 iſt
406 2174 560 2270 mein
575 2174 825 2270 Wunſch
840 2174 1068 2270 erfüllt,
1083 2174 1274 2270 mehr,
1289 2174 1384 2270 als
1414 2174 1502 2270 ich
1517 2174 1752 2270 wür⸗

1031 2278 1123 2358 dig
1137 2278 1733 2358 bin

106 2368 290 2454 Mird
304 2368 429 2454 dich
436 2368 569 2454 auch
583 2368 693 2454 nur
708 2368 803 2454 ein
818 2368 987 2454 Reim
1001 2368 1075 2454 in
1089 2368 1559 2454 dieſerSchrifft,
1574 2368 1779 2454 er

919 2458 1718 2541 —gezen

968 2685 1520 2784 aa
1544 2685 1656 2784 Sr
