1927 3004
306 173 1587 260 VVor re de.
0 255 1779 356 zenraube und Trilleriſchen Geſchlechte, welehe auch hinten,
62 331 1749 429 wie erwehnt, angedruckt worden. .. . .
87 398 1695 487 Di nun dieſes gleich von ungefehr geſchehen; ſo habe es
56 465 1697 565 doch nicht von ungefehr angenommen, ſondern ſogleich einen
54 539 1668 636 ſonderbaren Trieb bey mir empfunden, das Werck ſelbſt an⸗
60 610 1702 713 ugreifen, und nach und ach darinne fortfahren/ biß es
49 682 1733 839 ne ee ieeiieeidtieeeeernmyen riunmne
50 757 871 855 nunmehr ofentlich erſcheinet
66 887 1700 984 che fuͤrzunehmen weil es mir allzuruhmraͤthig geſchienen/mit
60 957 1710 1058 ſeinen hnen und Geſchlechte viel znprahlen indem ich ale⸗
0 1029 1701 1125 zeit dafur gehalten/ daß es rühmlicher ſey/ den alten Glan
73 1098 1665 1196 einer ehrllchen Vorfahren durch eigene helle Verdienſte/ zu
135 796 1922 916 lie iliii irageſandendie St
71 1167 1760 1269 erheben; als durch ein ftemdes indentlehntes eicht/ ſeine ei
84 1226 1788 1343 .ihihmf ciinrolencyie ich heddööeinmt
58 1308 1789 1401 nen Schrifften, oͤfſters Meldung gethan hahe
84 1352 1828 1469 x iicuücchäfüiretulenhe
74 1437 1750 1545 te ich ie Hdencke setcin, diet rereteirtige
77 1510 1706 1607 Geſchicht poetiſch fuͤrzuſtellen die in mehr / als funfig hiſto⸗
88 1574 1667 1672 rſchen Buͤchern bereits weitlͤufftig beſchrieben worden:
98 1644 1688 1739 iewohl ſich dennoch etliche ſo iolkuͤhne Leute gefunden,
101 1715 1711 1810 velche ſich nicht geſcheuet dieſe eſchicht in Zweifel ziehen,
89 1782 1706 1877 da doch der gedruckten Schrifften nicht zu gedencken, die
99 1851 1664 1946 dießfals ergangenen Original⸗Aeten in dem Churfarſtl.
88 1919 1669 2018 Wtitnbergiſchen Archive noch biß dieſ Stundevorhanden.
90 1986 1669 2086 imn da man heut laͤcherich und ungereit be⸗
93 2057 1667 2154 wieſen oder daß ich recht kunſtmaͤßig rededemonſtriret haben
89 2126 1668 2225 vi; ſo gar / daß nan auh ii wightioſten laubene⸗ltti
92 2191 1699 2288 iit dem irckel und Winckelmaße auszumeſſen ſich
91 2258 1720 2355 ahwizig erkuͤhnet: ſo wird man auch kuͤnfftig um ſo viel
94 2329 1812 2425 mehr alle hiſtoriſchen Wahrheiten Geoinetriſch und mit zu⸗
76 2395 1712 2500 reichenden Gruͤnden beweiſen muͤſſen, welches luſtig aus⸗
91 2481 1742 2567 ſehen wird. 2 . . -—
165 2532 1743 2625 Diejenigen feißigen Muͤßiggaͤnger aber, welche wider
94 2604 1725 2741 nicatinetet
92 2669 1245 2760 unſeren Fabeln / der ſehr aͤhnlichen Gemuͤths⸗
1567 2734 1716 2801 mit
1313 2658 1811 2758 ewandſchaft
