1944 3200
639 213 1325 338 Vor rede.
0 330 1648 500 bar und durch heilſt me Sitten Lehren, lehrrei e Spruͤche
45 411 1497 507 und chickliche Gleichniſſe, angenehm zu machen.
558 482 849 513 . e
118 456 1629 571 iü litri üüü iü duie—
50 551 1629 650 nus wegen ſeiner fuͤrtrefflichenGedancken, ſinnreichen Spruͤ⸗
0 623 1632 715 che und erbaulichen Sitten⸗Lehren, die er allerwegen hauffig
0 695 1677 786 und ungezwungen einflieſſen laͤſt, allezeit weit beſſer und nuͤtz⸗
46 768 1632 869 licher geſchienen,dann der ſonſt groſſe Virgilius: als welcher
0 842 1618 937 zwar uberhaupt viel vernuͤnfftiger, ſittſamer und behutſamer
43 914 1634 1008 ſchreibet/ als jener, und in rechter Einrichtung eines Helden⸗
44 983 1637 1074 Gedichtes, den Lucanus und alle anderen lateiniſchen Poeten,
0 1052 1635 1143 weit uͤbertrifft; hingegen aber auch an dergleichen guten und
44 1128 1639 1213 nuzbaren Spruͤchen viel aͤrmer und trockner iſt, als der Luca⸗
0 1199 1635 1287 s/ welches, ob es gleich vielen fremde und verwegen ſchei⸗
48 1273 1694 1367 nen moͤchte; doch nichts deſtoweniger die lautre Wahrheit
0 1346 1713 1439 bleibet, wie ſchon von dem unſterblichenGrotius,/ dem Lipſius,
0 1419 1634 1501 Palmerius, Mareſius, Barthius, Heinſius, Patinus, Turne⸗
53 1483 1637 1583 bus / Brioſins/ Montagne / und vielen andern groſſen Maͤn⸗
54 1552 1619 1644 nern, nachdruͤcklich erwieſen worden; als wodurch die nichti⸗
0 1616 1705 1720 gen und ungegrundeten Einwuͤrffe mit leichter Muͤhe nieder⸗
50 1695 1644 1792 geſchlagen werden koͤnnen, welche Herr Peter Burmann, in
51 1764 1679 1856 der Vorrede ſeiner ſehr magren Ausgabe dieſes unvergleichli⸗
51 1833 1638 1932 chen Poetens/ zwar ſehr weitlaͤufftig; doch mehr ſophiſtiſch,
0 1905 1740 2001 als vernunftmaͤßig, dargegen erhoben, wie ſolches einem un⸗
0 1981 1641 2081 partheyiſchen Leſer alſobald in die Augen leuchten wird. Da
52 2052 1691 2139 nun die wurckliche moraliſche Nuzbarkeit eines Werckes der
0 2122 1629 2215 kuͤnſtlichen Einrichtung oder zierlichen Schreibart deſſelben,
0 2196 1759 2300 unſtreitig weit fuͤrzuziehen iſt; ſo kan ich daher, wie gedacht,
10 2270 1681 2369 nicht bergen, daß in ſolchem Fall der Lucanus, zwar nicht als
6 2345 1695 2432 ein epiſcher Dichter; aber doch als ein politiſcher und mora⸗
46 2410 1777 2527 liſcher Poet / vor dem ſonſt unſchaͤzbaren Virgil, bey mir ei⸗
8 2490 1662 2605 nen groſſen Vorzug habe. Weßwegen dann der ſel. Herr
46 2560 1640 2706 Cantzler von Seckendorff ein ſehr nuͤtzliches Werck geſtifftet,
46 2633 1637 2723 daß er die herrlichſten und erbaulichſ en Sitten⸗Lehren aus
51 2704 1680 2794 dieſem Spruchreichen Poeten herausgezogen, und mit heil⸗
54 2779 1638 2871 ſamen moraliſchen Betrachtungen erlaͤutert hat; als welche
51 2853 1695 2944 allerdings leſenswuͤrdiger ſind; dann die beygefugte unge⸗
276 2931 1651 3017 )2 reimte
1878 1480 1914 2402 ,,
1889 1496 1936 2384 t u
