1829 3011
80 252 1613 386 Der iimnel ſetze Dich zum unwerwelckten Segen:
84 389 1614 473 Und zeige Dir ſein Heyl durch reiches Wohlergehn;
79 480 1620 564 Er wolle Schmuck und Ehr auf Deine Scheitel legen,
100 567 1625 655 Und laſſe ſtets Dein Gluͤck auf ſichrem Grunde ſtehn,
101 660 1624 746 Wie auch den Rautenſtock der weltberuͤhmten Sachſen
101 746 1653 839 Jn unverbluͤhtem Flor, biß auf die Nachwelt, wachſen.
784 942 904 994 f
0 1013 1634 1160 Es fz Dein Friedenſtein der Siz vom guldnen
0 1153 1670 1239 Friede!
0 1232 1635 1329 Es wage ſich kein Feind an Dein begluͤcktes Land!
0 1327 1640 1419 Die Ruhe, die bißher aus andern Laͤndern ſchiede;
0 1410 1629 1521 Kehr ſtets in Deinem ein , und halte feſten Stand/
0 1504 1641 1596 Daß an der Schwerdter ſtatt, in ſeinen ſtillen Graͤnzen,
0 1585 1594 1686 Auf dem gereiften Feld, nur blancke Sicheln glaͤnzen.
160 1849 1640 1981 Dan widigſt Ehgemahl, das Dir ſein Herz er⸗
1019 1982 1670 2058 geben,
89 2065 1580 2148 Sey ferner nach Verdienſt, das Kleinod dieſer Zeit!
147 2140 1624 2232 Sie ſchmuͤcke lange noch die Welt mit ihrem Leben,
166 2240 1648 2323 Den Hof mit Tugenden, das Haus mit Fruchtbarkeit;
144 2329 1651 2424 Jhr ErbPrinz wachs und bluͤh, zur Zierde ſeiner
95 2427 1383 2518 Ahnen,
165 2505 1656 2597 Zum Schuz der Wiſſenſchafft und Troſt der Unterthanen.
1001 2628 1680 2730 Dieß
