2114 3200
1632 2 1683 103 i
396 219 1739 327 Vorrede.
332 309 1965 408 de Philoſophie verſtehet, indem er die alten gelehrten Schrif⸗
360 381 2014 480 ten der Griechen und Lateiner fleißiger durchleſen als ſie
344 458 1991 555 mancher ſonſt geſehen/ oder nur nennen hoͤren. Dieſer wer⸗
359 531 1940 631 theſte Freund hat weder Zeit, Muͤhe noch Koſten geſpahret,
345 607 1936 713 mir alerhand kleine und ſehr ſelten vorkommende Schrifften,
354 681 1989 778 die von dieſem Prinzenraube handeln / guͤtig zu verſchäffen,
339 755 1933 865 welche mir bey denen Anmerckingennuͤliche Dienſte geihan
351 828 1964 934 haben. Vor dieſes neue Zeichen ſeiner guͤtigen Zuneigung
349 907 1937 1004 gegen mich/ ſage ich ihm nicht allein hiermit oͤffentlich noch⸗
339 982 1994 1083 mahls ergebenſten Danck wie ich ſchon in dem Wercke
347 1059 1937 1154 felbſten unten pag. 128. gebuͤhrend abgeſtattet; ſondern ich
347 1130 1993 1234 werde auch bald an einem andernOrte ausfuͤhrlicher zeigen/
254 1205 1928 1303 wie hoch ich dieſes fuͤrtrefflichen Mannes Gelehrſamkeit ach⸗
272 1281 1941 1376 te, und wie ſonderbar ich dieſes wahren Freundes Wohlge⸗
341 1356 1842 1447 wogenheit nach Verdienſt, zu ſchaͤtzen wiſſe.
355 1427 1999 1524 Noch iſt allhier des Herrn Verlegers beſondere Sorg⸗
342 1499 1932 1599 falt zu ruͤhmen, als welcher nach ſeinem laͤngſthekandten
342 1576 1969 1672 Vorzige in ſauberem Verlage; ſo wohl zu Anſchaffung groſ⸗
278 1650 1931 1745 ſen/ weiſſen und recht feinen Papiers, und eines neuen und
291 1725 1933 1819 ſcharffen Drucks; als auch zierlich ausgearbeiteter Kupfer⸗
339 1794 1950 1894 ſtiche,/ allen moͤglichen Fleiß und alle erforderlichen Koſten
336 1867 1930 1978 gern indwilligagewandt damit ſolchergeſtaltdieſes WVeꝛck
330 1943 1889 2043 praͤchtig und anſehnlich im Druck erſcheinen moͤchte.
337 2017 1989 2113 Nun auch von der Veranlaſſung zu dieſem Gedichte,
337 2089 1972 2191 etwas weniges zu gedencken; ſo iſt dieſelbe eigentlich folgen⸗
338 2166 1942 2269 de geweſen: Jn abgewichenen Jahre/ erinnerte mich aber⸗
336 2238 1930 2336 mahl ein hoher Goͤnner/die dem Trileriſchen Geſchlechte ſo
328 2311 1996 2413 ruͤhmliche Geſchichte von Cuntz von Kauffungen / in Verſen
320 2387 1990 2482 zu beſchreiben / welcher mich allbereit vor zwanzig Jahren zu
333 2460 1918 2561 dieſer Arbeit ermahnet hatte wie oben ſchon gedacht worden.
396 2532 2094 2631 Jndem ich nun bey mir anſtehe/ ob ich ein ſo weitlaͤufftiges
329 2607 2092 2701 Werck bey zunehmenden Jahren , und abnehmenden Ge⸗
329 2678 2092 2775 muͤths⸗ und Leibes ⸗Kraͤfften, nebſt Mangel der behoͤrigen
328 2751 1928 2847 Müſſe, unternehmen ſolle? uͤberſendet mir zu gleicher Zeit,
327 2826 1985 2924 ein anderer vornehmer Goͤnner und groſſer Freund eine ge⸗
325 2897 1983 3002 wiſſe ausfuͤhrliche gedruckte Beſchreibung von dem Prin
337 2979 2012 3075 zen⸗
