2263 3200
865 182 1290 255 Vo rrede.
71 265 1968 359 Wegen des Tituls des Wercks, habe auch noch kuͤrtzlich
218 284 1971 440 enXiireieaeeeieeeteneeenene
222 398 1969 510 ich ööibin gebopeit encerchtet h
225 486 1968 626 t iieXuinendtitnXieeienXXeeia
228 560 1972 658 den nicht noͤthig finde / zumahl da die Sache willkuͤhrlich und
230 635 1974 733 von keiner Wichtigkeit iſt / weil ſie weder einen groſſen Sieg
232 710 1977 801 des Kulichans oder des unſterblichen Rußiſchen Czaars Pe⸗
230 781 1975 883 ters/ des Groſſen/ noch einem gefaͤhrlichen Friedens⸗Bruch
230 856 1979 951 der Ottomanniſchen Pforte, oder andre dergleichen wichtige
225 929 1978 1036 nge/ anbetrifft. Wobey ich mich noch daru mit dem an⸗
227 1000 1982 1106 ſehnlichen Beyſpiel des erhabenen Taſo, uͤberfuͤßig ſchuizen
234 1075 1980 1183 an welcher ſein Welt⸗bekanntes ausbuͤndiges Helden e⸗
238 1152 1980 1244 dichte ebenmaͤßig zwiefach betitelt, und demſelben den Nah⸗
234 1225 1981 1315 men Il Goffredo, overo Gieruſalemme Liberata, beyge⸗
220 1305 1986 1393 legt / wie den Gelehrten ſattſam bekannt ſeyn wird.
225 1375 1980 1470 Sonſt habe hohe Urſache, zweyen groſſen und gelehrten
255 1396 1986 1605 eeiei
268 1519 1986 1607 welche mir bey Verfertigung dieſes Gedichtes, guͤtigen Bey⸗
273 1595 2034 1680 trag gethan haben. Der erſte ſind Jhro Hochwohlgebohrne
278 1666 1987 1755 Excellenz /der Herr geheime Rath und Canzler zu Gotha, Herr
281 1738 1987 1828 Baron von Nitzſchwiz, welcher ſich bey ſeinen wichtigen
283 1805 1988 1903 Geſchaͤfften doch die Muͤhe gegeben / mir zu Gefallen, die vier
280 1879 1999 1983 zuotha befindlichen Gemaͤhlde von dem Prinzenraube/ ab⸗
284 1957 1991 2047 zeichnen zu laſſen und geneigt zu uͤberſenden. Nicht allein die⸗
275 2030 1992 2120 ſe, ſondern auch viele andere Gnadenbezeugungen, die ich ſeit
285 2100 1993 2196 langen Jahren, ſo wohl an den Orten und Hoͤfen, woſelbſt
286 2177 1995 2269 wir zuſammen gelebet; als auch auf Reiſen, und ſonſt, von
287 2233 1996 2347 den ichblic i eeriſihht
285 2325 1996 2419 ten Danckbarkeit / welcher ich ſtets eingedenck verbleibẽ werde.
290 2400 1997 2502 er andre iſt der beruhmte und inalen zierlichen und nuͤt⸗
281 2473 2061 2575 lichen Wiſſenſchafften gruͤndlich erſahrene Profeſſor zu Leip⸗
280 2549 2002 2644 zig / Herr riedrich enz/ mein ehmahliger treuer Lehrer
277 2622 2017 2721 und nun dreyßig jaͤhriger ſtets redlich erfundene Freund und
275 2697 2002 2785 Gonner ; ein Mann, welcher der gantzen hohen Schule da⸗
277 2766 2102 2858 ſelbſt/ eine verzuͤgliche Ehre macht, und weit ein mehrers/ als
282 2838 2073 2992 ewin deuſch uo rait oderweis trocke e
282 2923 2058 2996 )::s de
