2114 3200
396 222 1739 322 Vorrede.
332 312 1964 407 de Philoſophie, verſtehet, indem er die alten gelehrten Schrif⸗
360 384 2014 478 ten der Gri chen und Lateiner fleißiger durchleſen als ſie
344 461 1991 554 mancher ſonſt geſehen, oder nur nennen hoͤren. Dieſer wer⸗
359 534 1940 628 theſte Freund hat weder Zeit, Muͤhe noch Koſten geſpahret,
345 609 1936 711 mir allerhand kleine und ſehr ſelten vorkommende Schri ten,
354 685 1989 778 die von dieſem Prinzenraube handeln, gutig zu verſch ffen,
340 757 1933 863 welche mir bey denen Anmerckungen nuͤzliche Dienſte gethan
351 831 1963 932 haben. Vor dieſes neue Zeichen ſeiner gutigen Zuneigung
349 909 1937 1004 gegen mich ſage ich ihm nicht allein iermit oͤffentlich noch⸗
339 982 1994 1082 mahls ergebenſten Danck, wie ich ſchon in dem Wercke
347 1057 1937 1152 felbſten unten pag.128. gebuͤhrend abgeſtattet; ſondern ich
347 1135 1993 1231 werde auch bald an einem andern Orte, ausfuͤhrlicher zeigen
254 1208 1928 1302 wie hoch ich dieſes fuͤrtrefflichen Mannes Gelehrſamkeit ach⸗
272 1285 1941 1376 te, und wie ſonderbar ich dieſes wahren Freundes Wohlge⸗
81 189 1842 1446 i i n ·
355 1430 1999 1524 Noch iſt allhier des Herrn Verlegers beſondere Sorg⸗
342 1502 1932 1598 falt zu ruͤhmen als welcher nach ſeinem laͤngſthekandten
342 1580 1968 1669 Vorzuge in ſau erem Verlage; ſo wohl zu Anſchaffung groſ⸗
278 1653 1931 1744 en,/ weiſſen und recht feinen Papiers, und eines neuen und
291 1726 1933 1817 harffen Drucks; als auch zierlich ausgearbeiteter Kupfer⸗
339 1795 1949 1891 ſtiche, allen moͤglichen Fleiß und alle erforderlichen Koſten
336 1872 1930 1972 gern und willig angewandt damit ſolchergeſtalt dieſes Werck
329 1947 1989 2107 e eae eeeeeieeieXeideereXetettae,
337 2094 1972 2189 etwas weniges zu gedencken; ſo iſt dieſelbe eigentlich folgen⸗
338 2167 1942 2266 de geweſen: Jm abgewi enen Jahre, erinnerte mich aber⸗
337 2237 1930 2334 mahl ein hoher Gonner/die dem Trilleriſchen Geſchlechte ſo
328 2310 1996 2407 ruͤhmliche Geſchichte von Cuntz von Kauffungen, in Verſen
320 2383 1990 2479 zu beſchreiben, welcher mich allbereit vor zwanzig Jahren/ zu
333 2460 1918 2561 dieſer Arbeit ermahnet hatte, wie oben ſchon gedacht worden.
396 2532 2094 2636 Jndem ich nun bey mir anſtehe/ ob ich ein ſo weitlaͤufftiges
329 2607 2085 2699 Werck bey zunehmenden ahren , und abnehmenden Ge⸗
329 2679 2092 2772 muͤths⸗ und Leibes⸗Kraͤ ken, nebſt Mangel der behoͤrigen
327 2753 1985 2923 eeeetde eeeXeeeeeeeee
325 2898 1983 3002 wiſſe aüsfuͤhrliche gedruckte Beſchreibung von dem Prin⸗
338 2980 2012 3075 zen
