2224 3144
940 168 1332 252 Vorrede.
258 292 2001 397 ſolches ſchon Caſpar Eylenberg in ſeinem zwar
271 372 2002 482 in der Jugend geſchriebenen lateiniſchen epiſchen
280 454 2006 563 Gedichte, zum Theil, erwieſen. Zumahl wenn
287 539 2005 649 man die Geſchichte ſelbſt mit vielen in derglei⸗
293 624 2008 726 chen Gedichten gewohnlichen poetiſchen Erfin,
295 708 2046 808 dungen erleuchten, wo nicht vielmehr verdun⸗
294 788 2009 885 ckeln wolte; welches ich aber aus beſondern Ur-
280 871 2077 983 ſachen ſo viel mir nur immer moͤglich gewe⸗
291 957 2006 1056 ſen mit allem Ernſt und Fleiße zu vermeiden
282 1042 1892 1148 geſuchet habe.
289 1141 2012 1246 Jch habe alſo kein rechtes Helden ⸗ Gedichte
295 1228 2013 1324 machen wollen: viel weniger wegen Mangel der
307 1308 2014 1408 Kraͤffte, der Zeit, Geduld und anderer Umſtaͤn⸗
308 1387 2000 1486 de, die mir am beſten bekant, machen koͤnnen.
319 1492 2015 1585 Wofern ich aber dieſes lange Werck vor zwan⸗
326 1572 2017 1672 zig Jahren unternommen haͤtte, wie ich von vie⸗
347 1653 2020 1750 len groſſen Gonnern und Freunden damahls zum
339 1731 2022 1839 offtern angereget worden; ſo haͤtte es vielleicht
349 1814 2023 1908 beſſer, vollſtandiger und eiſtreicher erſcheinen
342 1894 2022 1991 koͤnnen: denn dazumahl atte ich ohne eitlen
294 1974 2024 2072 Ruhm zu ſagen, etwas mehr Feuer, Zeit,
345 2057 2026 2158 Muſſe und Geduld, war auch darneben mit
351 2137 2025 2241 wenigern und leichteren Dingen beſchaͤfftiget;
351 2218 2031 2430 eieeeaei tt  ea
368 2396 2031 2503 es zu einer ſolchen Zeit gerathen konnen, da mir
349 2476 2033 2584 eine der abſcheulichſten Kinder⸗Kranckheiten die
332 2555 2033 2658 meiſte Zeit hinweggenommen und viele Sorge,
270 2636 2031 2749 Unruh und Verdruß verurſachet, dahero ich
345 2718 2027 2822 nach verrichteten muͤhſamen Amts⸗Geſchaͤffteu,
356 2812 2033 2880 in
