2111 3200
316 183 1947 322 Di a b s ſonderlich mit Rechte zugeſchrieben,
382 323 1948 411 Dieweil der Prinzen⸗ Raub in Altenburg geſchehn;
341 417 1950 509 Und dann / Dein Altenburg,/ nach ſchmerzlichem Be⸗
1295 504 1542 592 truͤben,
376 567 1945 691 Mit Freuden, wiederum die Prinzen frey geſehn:
378 699 1956 793 Auch ſollt ich danckbar ſeyn, weil ich in gruͤnen Jahren
376 796 1714 885 Den erſten Unterricht in dieſer Stadt, erfahren.
340 1065 1949 1214 Die ip ar⸗aTain ſelbſt, die meine Reime ieren,
315 1219 1948 1307 Sind mir von Deinem Hof gezeichnet zugeſchickt;
358 1311 1943 1399 Drum will Dir ſo vielmehr mein Danck dafuͤr gebuͤhren /
362 1406 1947 1495 Weil es Dein Beytrag iſt, was meine Dicht⸗Kunſt
949 1503 1958 1591 . n .L ſchmuͤckt:
309 1594 1947 1688 Denn was mein Kiel zu matt und dunckel abgeriſſen ,
350 1689 1686 1799 Wird Deine Schilderey daran erſetzen muͤſſen.
734 1923 1087 1957 ,
332 1986 1941 2123 Du wiſt Durchlauchtigſter , in dieſem Buche
1258 2130 1588 2215 ſchauen,
290 2223 1939 2317 Wie GO die Laſter ſtrafft, die Tugenden belohnt;
305 2317 1932 2421 Wie er Bedraͤngten hilfft, wenn ſie auf ihn vertrauen,/
304 2416 1936 2510 Wie er den Frevel hemmt, und reiner Unſchuld ſchont:
317 2511 1869 2611 Weil Du nun alles dieß, nach deſſen Beyſpiel, uͤbeſt,
260 2601 1869 2708 So hoff ich, daß Du auch dieß mein Gedichte liebeſt.
