<?xml version="1.0" encoding="UTF-8"?>
<pc:PcGts xmlns:pc="http://schema.primaresearch.org/PAGE/gts/pagecontent/2019-07-15" xmlns:xsi="http://www.w3.org/2001/XMLSchema-instance" xsi:schemaLocation="http://schema.primaresearch.org/PAGE/gts/pagecontent/2019-07-15 http://schema.primaresearch.org/PAGE/gts/pagecontent/2019-07-15/pagecontent.xsd" pcGtsId="CALAMARI_p0009">
    <pc:Metadata>
        <pc:Creator>OCR-D/core 2.63.0</pc:Creator>
        <pc:Created>2024-02-25T19:31:10</pc:Created>
        <pc:LastChange>2024-02-25T19:31:10</pc:LastChange>
        <pc:MetadataItem type="processingStep" name="preprocessing/optimization/binarization" value="ocrd-olena-binarize">
            <pc:Labels>
                <pc:Label value="sauvola-ms-split" type="impl"/>
                <pc:Label value="0" type="dpi"/>
                <pc:Label value="0.34" type="k"/>
                <pc:Label value="0" type="win-size"/>
            </pc:Labels>
        </pc:MetadataItem>
        <pc:MetadataItem type="processingStep" name="preprocessing/optimization/despeckling" value="ocrd-skimage-denoise">
            <pc:Labels externalModel="ocrd-tool" externalId="parameters">
                <pc:Label value="page" type="level-of-operation"/>
                <pc:Label value="0" type="dpi"/>
                <pc:Label value="0.0" type="protect"/>
                <pc:Label value="1.0" type="maxsize"/>
            </pc:Labels>
            <pc:Labels externalModel="ocrd-tool" externalId="version">
                <pc:Label value="0.1.8" type="ocrd-skimage-denoise"/>
                <pc:Label value="2.63.0" type="ocrd/core"/>
            </pc:Labels>
        </pc:MetadataItem>
        <pc:MetadataItem type="processingStep" name="preprocessing/optimization/deskewing" value="ocrd-tesserocr-deskew">
            <pc:Labels externalModel="ocrd-tool" externalId="parameters">
                <pc:Label value="page" type="operation_level"/>
                <pc:Label value="0" type="dpi"/>
                <pc:Label value="1.5" type="min_orientation_confidence"/>
            </pc:Labels>
            <pc:Labels externalModel="ocrd-tool" externalId="version">
                <pc:Label value="0.18.0 (tesseract 5.3.4)" type="ocrd-tesserocr-deskew"/>
                <pc:Label value="2.63.0" type="ocrd/core"/>
            </pc:Labels>
        </pc:MetadataItem>
        <pc:MetadataItem type="processingStep" name="layout/segmentation/region" value="ocrd-tesserocr-segment">
            <pc:Labels externalModel="ocrd-tool" externalId="parameters">
                <pc:Label value="0" type="dpi"/>
                <pc:Label value="4" type="padding"/>
                <pc:Label value="False" type="shrink_polygons"/>
                <pc:Label value="False" type="block_polygons"/>
                <pc:Label value="True" type="find_tables"/>
                <pc:Label value="False" type="find_staves"/>
                <pc:Label value="False" type="sparse_text"/>
                <pc:Label value="True" type="overwrite_segments"/>
                <pc:Label value="region" type="segmentation_level"/>
                <pc:Label value="none" type="textequiv_level"/>
                <pc:Label value="True" type="overwrite_text"/>
                <pc:Label value="False" type="raw_lines"/>
                <pc:Label value="" type="char_whitelist"/>
                <pc:Label value="" type="char_blacklist"/>
                <pc:Label value="" type="char_unblacklist"/>
                <pc:Label value="{}" type="tesseract_parameters"/>
                <pc:Label value="{}" type="xpath_parameters"/>
                <pc:Label value="{}" type="xpath_model"/>
                <pc:Label value="False" type="auto_model"/>
                <pc:Label value="DEFAULT" type="oem"/>
            </pc:Labels>
            <pc:Labels externalModel="ocrd-tool" externalId="version">
                <pc:Label value="0.18.0 (tesseract 5.3.4)" type="ocrd-tesserocr-segment"/>
                <pc:Label value="2.63.0" type="ocrd/core"/>
            </pc:Labels>
        </pc:MetadataItem>
        <pc:MetadataItem type="processingStep" name="preprocessing/optimization/dewarping" value="ocrd-cis-ocropy-dewarp">
            <pc:Labels externalModel="ocrd-tool" externalId="parameters">
                <pc:Label value="0" type="dpi"/>
                <pc:Label value="4.0" type="range"/>
                <pc:Label value="1.0" type="smoothness"/>
                <pc:Label value="0.05" type="max_neighbour"/>
            </pc:Labels>
            <pc:Labels externalModel="ocrd-tool" externalId="version">
                <pc:Label value="0.1.5" type="ocrd-cis-ocropy-dewarp"/>
                <pc:Label value="2.63.0" type="ocrd/core"/>
            </pc:Labels>
        </pc:MetadataItem>
        <pc:MetadataItem type="processingStep" name="recognition/text-recognition" value="ocrd-calamari-recognize">
            <pc:Labels externalModel="ocrd-tool" externalId="parameters">
                <pc:Label value="qurator-gt4histocr-1.0" type="checkpoint_dir"/>
                <pc:Label value="confidence_voter_default_ctc" type="voter"/>
                <pc:Label value="line" type="textequiv_level"/>
                <pc:Label value="0.001" type="glyph_conf_cutoff"/>
            </pc:Labels>
            <pc:Labels externalModel="ocrd-tool" externalId="version">
                <pc:Label value="1.0.6 (calamari 1.0.6, tensorflow 2.13.1)" type="ocrd-calamari-recognize"/>
                <pc:Label value="2.63.0" type="ocrd/core"/>
            </pc:Labels>
        </pc:MetadataItem>
    </pc:Metadata>
    <pc:Page imageFilename="OCR-D-IMG/0009.png" imageWidth="2063" imageHeight="3200" orientation="0." type="content" primaryScript="Latf - Latin (Fraktur variant)" readingDirection="left-to-right" textLineOrder="top-to-bottom">
        <pc:AlternativeImage filename="OCR-D-BIN/OCR-D-BIN_p0009-BIN_sauvola-ms-split.png" comments="binarized"/>
        <pc:AlternativeImage filename="OCR-D-BIN-DENOISE/OCR-D-BIN-DENOISE_p0009.IMG-DEN.png" comments="binarized,despeckled"/>
        <pc:AlternativeImage filename="OCR-D-BIN-DENOISE-DESKEW/OCR-D-BIN-DENOISE-DESKEW_p0009.IMG-DESKEW.png" comments="binarized,despeckled,deskewed"/>
        <pc:AlternativeImage filename="OCR-D-SEG/OCR-D-SEG_p0009.IMG-BIN.png" comments="binarized,despeckled,deskewed,binarized,clipped"/>
        <pc:ReadingOrder>
            <pc:OrderedGroup id="reading-order">
                <pc:RegionRefIndexed index="0" regionRef="region0000"/>
                <pc:OrderedGroupIndexed id="region0001_order" regionRef="region0001" index="1">
                    <pc:RegionRefIndexed index="0" regionRef="region0001_cell0000"/>
                </pc:OrderedGroupIndexed>
                <pc:RegionRefIndexed index="2" regionRef="region0002"/>
                <pc:RegionRefIndexed index="3" regionRef="region0003"/>
                <pc:RegionRefIndexed index="4" regionRef="region0004"/>
                <pc:RegionRefIndexed index="5" regionRef="region0005"/>
                <pc:RegionRefIndexed index="6" regionRef="region0006"/>
                <pc:RegionRefIndexed index="7" regionRef="region0007"/>
                <pc:RegionRefIndexed index="8" regionRef="region0008"/>
                <pc:RegionRefIndexed index="9" regionRef="region0009"/>
            </pc:OrderedGroup>
        </pc:ReadingOrder>
        <pc:TextRegion id="region0000" orientation="0." readingDirection="left-to-right" textLineOrder="top-to-bottom">
            <pc:Coords points="84,250 1878,250 1878,878 84,878"/>
            <pc:TextLine id="region0000_line0000">
                <pc:AlternativeImage filename="OCR-D-SEG-LINE-RESEG-DEWARP/OCR-D-SEG-LINE-RESEG-DEWARP_p0009_region0000_region0000_line0000.IMG-DEWARP.png" comments="binarized,despeckled,binarized,dewarped"/>
                <pc:Coords points="226,250 1861,250 1861,388 226,388"/>
                <pc:TextEquiv conf="0.835685789585114">
                    <pc:Unicode>Wi. ie Eedern ſchon an ihien Keymen kenti</pc:Unicode>
                </pc:TextEquiv>
            </pc:TextLine>
            <pc:TextLine id="region0000_line0001">
                <pc:AlternativeImage filename="OCR-D-SEG-LINE-RESEG-DEWARP/OCR-D-SEG-LINE-RESEG-DEWARP_p0009_region0000_region0000_line0001.IMG-DEWARP.png" comments="binarized,despeckled,binarized,dewarped"/>
                <pc:Coords points="225,386 1861,386 1861,480 225,480"/>
                <pc:TextEquiv conf="0.998383164405823">
                    <pc:Unicode>Die Loͤwen an dem Muth, die Adler am Geſicht;</pc:Unicode>
                </pc:TextEquiv>
            </pc:TextLine>
            <pc:TextLine id="region0000_line0002">
                <pc:AlternativeImage filename="OCR-D-SEG-LINE-RESEG-DEWARP/OCR-D-SEG-LINE-RESEG-DEWARP_p0009_region0000_region0000_line0002.IMG-DEWARP.png" comments="binarized,despeckled,binarized,dewarped"/>
                <pc:Coords points="222,484 1857,484 1857,587 222,587"/>
                <pc:TextEquiv conf="0.996455490589142">
                    <pc:Unicode>Und wie das Morgenroth, wenn es die Schatten trennet,</pc:Unicode>
                </pc:TextEquiv>
            </pc:TextLine>
            <pc:TextLine id="region0000_line0003">
                <pc:AlternativeImage filename="OCR-D-SEG-LINE-RESEG-DEWARP/OCR-D-SEG-LINE-RESEG-DEWARP_p0009_region0000_region0000_line0003.IMG-DEWARP.png" comments="binarized,despeckled,binarized,dewarped"/>
                <pc:Coords points="217,581 1878,581 1878,684 217,684"/>
                <pc:TextEquiv conf="0.996632695198059">
                    <pc:Unicode>Als Herold, bald der Welt den Sonnen⸗Glanz verſpricht:</pc:Unicode>
                </pc:TextEquiv>
            </pc:TextLine>
            <pc:TextLine id="region0000_line0004">
                <pc:AlternativeImage filename="OCR-D-SEG-LINE-RESEG-DEWARP/OCR-D-SEG-LINE-RESEG-DEWARP_p0009_region0000_region0000_line0004.IMG-DEWARP.png" comments="binarized,despeckled,binarized,dewarped"/>
                <pc:Coords points="84,683 1744,683 1744,780 84,780"/>
                <pc:TextEquiv conf="0.998891770839691">
                    <pc:Unicode>So zeigt er auch bereits noch in der zartſten Jugend,</pc:Unicode>
                </pc:TextEquiv>
            </pc:TextLine>
            <pc:TextLine id="region0000_line0005">
                <pc:AlternativeImage filename="OCR-D-SEG-LINE-RESEG-DEWARP/OCR-D-SEG-LINE-RESEG-DEWARP_p0009_region0000_region0000_line0005.IMG-DEWARP.png" comments="binarized,despeckled,binarized,dewarped"/>
                <pc:Coords points="215,783 1703,783 1703,878 215,878"/>
                <pc:TextEquiv conf="0.990126490592957">
                    <pc:Unicode>Den angeerbten Trieb der unbefleckten Tugend.</pc:Unicode>
                </pc:TextEquiv>
            </pc:TextLine>
            <pc:TextEquiv>
                <pc:Unicode>Wi. ie Eedern ſchon an ihien Keymen kenti
Die Loͤwen an dem Muth, die Adler am Geſicht;
Und wie das Morgenroth, wenn es die Schatten trennet,
Als Herold, bald der Welt den Sonnen⸗Glanz verſpricht:
So zeigt er auch bereits noch in der zartſten Jugend,
Den angeerbten Trieb der unbefleckten Tugend.</pc:Unicode>
            </pc:TextEquiv>
        </pc:TextRegion>
        <pc:TextRegion id="region0002" orientation="0." readingDirection="left-to-right" textLineOrder="top-to-bottom">
            <pc:Coords points="155,1317 1892,1317 1892,1893 155,1893"/>
            <pc:TextLine id="region0002_line0000">
                <pc:AlternativeImage filename="OCR-D-SEG-LINE-RESEG-DEWARP/OCR-D-SEG-LINE-RESEG-DEWARP_p0009_region0002_region0002_line0000.IMG-DEWARP.png" comments="binarized,despeckled,binarized,dewarped"/>
                <pc:Coords points="227,1317 1891,1317 1891,1409 227,1409"/>
                <pc:TextEquiv conf="0.997459948062897">
                    <pc:Unicode>Er treffe! nein! er trifft nach meiner Hoffnung ein:</pc:Unicode>
                </pc:TextEquiv>
            </pc:TextLine>
            <pc:TextLine id="region0002_line0001">
                <pc:AlternativeImage filename="OCR-D-SEG-LINE-RESEG-DEWARP/OCR-D-SEG-LINE-RESEG-DEWARP_p0009_region0002_region0002_line0001.IMG-DEWARP.png" comments="binarized,despeckled,binarized,dewarped"/>
                <pc:Coords points="155,1416 1848,1416 1848,1507 155,1507"/>
                <pc:TextEquiv conf="0.998679637908936">
                    <pc:Unicode>Jſt meine Dichtkunſt nicht den beſten beyzuzehlen;</pc:Unicode>
                </pc:TextEquiv>
            </pc:TextLine>
            <pc:TextLine id="region0002_line0002">
                <pc:AlternativeImage filename="OCR-D-SEG-LINE-RESEG-DEWARP/OCR-D-SEG-LINE-RESEG-DEWARP_p0009_region0002_region0002_line0002.IMG-DEWARP.png" comments="binarized,despeckled,binarized,dewarped"/>
                <pc:Coords points="226,1516 1892,1516 1892,1604 226,1604"/>
                <pc:TextEquiv conf="0.995881617069244">
                    <pc:Unicode>So ſoll jedoch mein Herz nicht von den ſchlimmſten ſeyn:</pc:Unicode>
                </pc:TextEquiv>
            </pc:TextLine>
            <pc:TextLine id="region0002_line0003">
                <pc:AlternativeImage filename="OCR-D-SEG-LINE-RESEG-DEWARP/OCR-D-SEG-LINE-RESEG-DEWARP_p0009_region0002_region0002_line0003.IMG-DEWARP.png" comments="binarized,despeckled,binarized,dewarped"/>
                <pc:Coords points="215,1612 1794,1612 1794,1712 215,1712"/>
                <pc:TextEquiv conf="0.996435761451721">
                    <pc:Unicode>Dieß uͤbergeb ich Dir aus Mangel andrer Gaben;</pc:Unicode>
                </pc:TextEquiv>
            </pc:TextLine>
            <pc:TextLine id="region0002_line0004">
                <pc:AlternativeImage filename="OCR-D-SEG-LINE-RESEG-DEWARP/OCR-D-SEG-LINE-RESEG-DEWARP_p0009_region0002_region0002_line0004.IMG-DEWARP.png" comments="binarized,despeckled,binarized,dewarped"/>
                <pc:Coords points="188,1704 1886,1704 1886,1800 188,1800"/>
                <pc:TextEquiv conf="0.990271985530853">
                    <pc:Unicode>Will doch der Hoͤchſte ſelbſt von uns nichts beſſers</pc:Unicode>
                </pc:TextEquiv>
            </pc:TextLine>
            <pc:TextLine id="region0002_line0005">
                <pc:AlternativeImage filename="OCR-D-SEG-LINE-RESEG-DEWARP/OCR-D-SEG-LINE-RESEG-DEWARP_p0009_region0002_region0002_line0005.IMG-DEWARP.png" comments="binarized,despeckled,binarized,dewarped"/>
                <pc:Coords points="1122,1803 1395,1803 1395,1893 1122,1893"/>
                <pc:TextEquiv conf="0.999130666255951">
                    <pc:Unicode>haben.</pc:Unicode>
                </pc:TextEquiv>
            </pc:TextLine>
            <pc:TextEquiv>
                <pc:Unicode>Er treffe! nein! er trifft nach meiner Hoffnung ein:
Jſt meine Dichtkunſt nicht den beſten beyzuzehlen;
So ſoll jedoch mein Herz nicht von den ſchlimmſten ſeyn:
Dieß uͤbergeb ich Dir aus Mangel andrer Gaben;
Will doch der Hoͤchſte ſelbſt von uns nichts beſſers
haben.</pc:Unicode>
            </pc:TextEquiv>
        </pc:TextRegion>
        <pc:TextRegion id="region0004" orientation="90." readingDirection="left-to-right" textLineOrder="top-to-bottom">
            <pc:Coords points="11,1942 427,1942 427,2012 11,2012"/>
            <pc:TextLine id="region0004_line0000">
                <pc:AlternativeImage filename="OCR-D-SEG-LINE-RESEG-DEWARP/OCR-D-SEG-LINE-RESEG-DEWARP_p0009_region0004_region0004_line0000.IMG-DEWARP.png" comments="binarized,despeckled,binarized,dewarped"/>
                <pc:Coords points="11,1942 35,1942 35,2012 11,2012"/>
                <pc:TextEquiv conf="0.564179062843323">
                    <pc:Unicode>r</pc:Unicode>
                </pc:TextEquiv>
            </pc:TextLine>
            <pc:TextLine id="region0004_line0001">
                <pc:AlternativeImage filename="OCR-D-SEG-LINE-RESEG-DEWARP/OCR-D-SEG-LINE-RESEG-DEWARP_p0009_region0004_region0004_line0001.IMG-DEWARP.png" comments="binarized,despeckled,binarized,dewarped"/>
                <pc:Coords points="407,1953 427,1953 427,1981 407,1981"/>
                <pc:TextEquiv conf="0.">
                    <pc:Unicode></pc:Unicode>
                </pc:TextEquiv>
            </pc:TextLine>
            <pc:TextEquiv>
                <pc:Unicode>r
</pc:Unicode>
            </pc:TextEquiv>
        </pc:TextRegion>
        <pc:TextRegion id="region0005" orientation="0." type="caption" readingDirection="left-to-right" textLineOrder="top-to-bottom">
            <pc:Coords points="0,1650 29,1650 29,2100 0,2100"/>
            <pc:TextLine id="region0005_line0000">
                <pc:AlternativeImage filename="OCR-D-SEG-LINE-RESEG-DEWARP/OCR-D-SEG-LINE-RESEG-DEWARP_p0009_region0005_region0005_line0000.IMG-DEWARP.png" comments="binarized,despeckled,binarized,dewarped"/>
                <pc:Coords points="0,1650 10,1650 10,1673 0,1673"/>
                <pc:TextEquiv conf="0.">
                    <pc:Unicode></pc:Unicode>
                </pc:TextEquiv>
            </pc:TextLine>
            <pc:TextLine id="region0005_line0001">
                <pc:AlternativeImage filename="OCR-D-SEG-LINE-RESEG-DEWARP/OCR-D-SEG-LINE-RESEG-DEWARP_p0009_region0005_region0005_line0001.IMG-DEWARP.png" comments="binarized,despeckled,binarized,dewarped"/>
                <pc:Coords points="0,1715 18,1715 18,1740 0,1740"/>
                <pc:TextEquiv conf="0.33278489112854">
                    <pc:Unicode>4</pc:Unicode>
                </pc:TextEquiv>
            </pc:TextLine>
            <pc:TextLine id="region0005_line0002">
                <pc:AlternativeImage filename="OCR-D-SEG-LINE-RESEG-DEWARP/OCR-D-SEG-LINE-RESEG-DEWARP_p0009_region0005_region0005_line0002.IMG-DEWARP.png" comments="binarized,despeckled,binarized,dewarped"/>
                <pc:Coords points="0,1749 9,1749 9,1767 0,1767"/>
                <pc:TextEquiv conf="0.">
                    <pc:Unicode></pc:Unicode>
                </pc:TextEquiv>
            </pc:TextLine>
            <pc:TextLine id="region0005_line0003">
                <pc:Coords points="0,1772 25,1772 25,1809 0,1809"/>
                <pc:TextEquiv conf="0.">
                    <pc:Unicode></pc:Unicode>
                </pc:TextEquiv>
            </pc:TextLine>
            <pc:TextLine id="region0005_line0004">
                <pc:Coords points="0,1806 21,1806 21,1837 0,1837"/>
                <pc:TextEquiv conf="0.">
                    <pc:Unicode></pc:Unicode>
                </pc:TextEquiv>
            </pc:TextLine>
            <pc:TextLine id="region0005_line0005">
                <pc:Coords points="0,1835 28,1835 28,1859 0,1859"/>
                <pc:TextEquiv conf="0.568804979324341">
                    <pc:Unicode>g.</pc:Unicode>
                </pc:TextEquiv>
            </pc:TextLine>
            <pc:TextLine id="region0005_line0006">
                <pc:Coords points="0,1848 25,1848 25,1867 0,1867"/>
                <pc:TextEquiv conf="0.">
                    <pc:Unicode></pc:Unicode>
                </pc:TextEquiv>
            </pc:TextLine>
            <pc:TextLine id="region0005_line0007">
                <pc:AlternativeImage filename="OCR-D-SEG-LINE-RESEG-DEWARP/OCR-D-SEG-LINE-RESEG-DEWARP_p0009_region0005_region0005_line0007.IMG-DEWARP.png" comments="binarized,despeckled,binarized,dewarped"/>
                <pc:Coords points="0,1928 21,1928 21,1967 0,1967"/>
                <pc:TextEquiv conf="0.">
                    <pc:Unicode></pc:Unicode>
                </pc:TextEquiv>
            </pc:TextLine>
            <pc:TextLine id="region0005_line0008">
                <pc:Coords points="0,1961 18,1961 18,1991 0,1991"/>
                <pc:TextEquiv conf="0.">
                    <pc:Unicode></pc:Unicode>
                </pc:TextEquiv>
            </pc:TextLine>
            <pc:TextLine id="region0005_line0009">
                <pc:Coords points="0,1983 21,1983 21,2004 0,2004"/>
                <pc:TextEquiv conf="0.">
                    <pc:Unicode></pc:Unicode>
                </pc:TextEquiv>
            </pc:TextLine>
            <pc:TextLine id="region0005_line0010">
                <pc:Coords points="0,1994 29,1994 29,2030 0,2030"/>
                <pc:TextEquiv conf="0.">
                    <pc:Unicode></pc:Unicode>
                </pc:TextEquiv>
            </pc:TextLine>
            <pc:TextLine id="region0005_line0011">
                <pc:Coords points="0,2021 20,2021 20,2050 0,2050"/>
                <pc:TextEquiv conf="0.">
                    <pc:Unicode></pc:Unicode>
                </pc:TextEquiv>
            </pc:TextLine>
            <pc:TextLine id="region0005_line0012">
                <pc:Coords points="0,2041 26,2041 26,2085 0,2085"/>
                <pc:TextEquiv conf="0.">
                    <pc:Unicode></pc:Unicode>
                </pc:TextEquiv>
            </pc:TextLine>
            <pc:TextLine id="region0005_line0013">
                <pc:Coords points="0,2072 21,2072 21,2100 0,2100"/>
                <pc:TextEquiv conf="0.">
                    <pc:Unicode></pc:Unicode>
                </pc:TextEquiv>
            </pc:TextLine>
            <pc:TextEquiv>
                <pc:Unicode>
4



g.







</pc:Unicode>
            </pc:TextEquiv>
        </pc:TextRegion>
        <pc:TextRegion id="region0006" orientation="90." readingDirection="left-to-right" textLineOrder="top-to-bottom">
            <pc:Coords points="15,1983 1838,1983 1838,2152 15,2152"/>
            <pc:TextLine id="region0006_line0000">
                <pc:AlternativeImage filename="OCR-D-SEG-LINE-RESEG-DEWARP/OCR-D-SEG-LINE-RESEG-DEWARP_p0009_region0006_region0006_line0000.IMG-DEWARP.png" comments="binarized,despeckled,binarized,dewarped"/>
                <pc:Coords points="15,2007 34,2007 34,2152 15,2152"/>
                <pc:TextEquiv conf="0.428190112113953">
                    <pc:Unicode>-</pc:Unicode>
                </pc:TextEquiv>
            </pc:TextLine>
            <pc:TextLine id="region0006_line0001">
                <pc:AlternativeImage filename="OCR-D-SEG-LINE-RESEG-DEWARP/OCR-D-SEG-LINE-RESEG-DEWARP_p0009_region0006_region0006_line0001.IMG-DEWARP.png" comments="binarized,despeckled,binarized,dewarped"/>
                <pc:Coords points="1754,1983 1781,1983 1781,2084 1754,2084"/>
                <pc:TextEquiv conf="0.">
                    <pc:Unicode></pc:Unicode>
                </pc:TextEquiv>
            </pc:TextLine>
            <pc:TextLine id="region0006_line0002">
                <pc:AlternativeImage filename="OCR-D-SEG-LINE-RESEG-DEWARP/OCR-D-SEG-LINE-RESEG-DEWARP_p0009_region0006_region0006_line0002.IMG-DEWARP.png" comments="binarized,despeckled,binarized,dewarped"/>
                <pc:Coords points="1797,1994 1838,1994 1838,2049 1797,2049"/>
                <pc:TextEquiv conf="0.47494912147522">
                    <pc:Unicode>.</pc:Unicode>
                </pc:TextEquiv>
            </pc:TextLine>
            <pc:TextEquiv>
                <pc:Unicode>-

.</pc:Unicode>
            </pc:TextEquiv>
        </pc:TextRegion>
        <pc:TextRegion id="region0007" orientation="90." readingDirection="left-to-right" textLineOrder="top-to-bottom">
            <pc:Coords points="0,2090 25,2090 25,2194 0,2194"/>
            <pc:TextLine id="region0007_line0000">
                <pc:Coords points="0,2090 25,2090 25,2194 0,2194"/>
                <pc:TextEquiv conf="0.346319049596786">
                    <pc:Unicode>E</pc:Unicode>
                </pc:TextEquiv>
            </pc:TextLine>
            <pc:TextEquiv>
                <pc:Unicode>E</pc:Unicode>
            </pc:TextEquiv>
        </pc:TextRegion>
        <pc:TextRegion id="region0008" orientation="90." readingDirection="left-to-right" textLineOrder="top-to-bottom">
            <pc:Coords points="22,2252 40,2252 40,2325 22,2325"/>
            <pc:TextLine id="region0008_line0000">
                <pc:AlternativeImage filename="OCR-D-SEG-LINE-RESEG-DEWARP/OCR-D-SEG-LINE-RESEG-DEWARP_p0009_region0008_region0008_line0000.IMG-DEWARP.png" comments="binarized,despeckled,binarized,dewarped"/>
                <pc:Coords points="22,2252 40,2252 40,2325 22,2325"/>
                <pc:TextEquiv conf="0.647790193557739">
                    <pc:Unicode>Za</pc:Unicode>
                </pc:TextEquiv>
            </pc:TextLine>
            <pc:TextEquiv>
                <pc:Unicode>Za</pc:Unicode>
            </pc:TextEquiv>
        </pc:TextRegion>
        <pc:ImageRegion id="region0003" orientation="0.">
            <pc:Coords points="0,1277 94,1277 94,1946 0,1946"/>
        </pc:ImageRegion>
        <pc:ImageRegion id="region0009" orientation="0.">
            <pc:Coords points="0,0 2063,0 2063,3200 0,3200"/>
        </pc:ImageRegion>
        <pc:TableRegion id="region0001" orientation="0.">
            <pc:Coords points="0,1069 1891,1069 1891,1303 0,1303"/>
            <pc:TextRegion id="region0001_cell0000" orientation="0." readingDirection="left-to-right" textLineOrder="top-to-bottom">
                <pc:Coords points="0,1069 0,1303 1891,1303 1891,1069"/>
                <pc:TextLine id="region0001_cell0000_line0000">
                    <pc:AlternativeImage filename="OCR-D-SEG-LINE-RESEG-DEWARP/OCR-D-SEG-LINE-RESEG-DEWARP_p0009_region0001_cell0000_region0001_cell0000_line0000.IMG-DEWARP.png" comments="binarized,despeckled,binarized,dewarped"/>
                    <pc:Coords points="0,1069 1891,1069 1891,1226 0,1226"/>
                    <pc:TextEquiv conf="0.90089339017868">
                        <pc:Unicode>Dies it Durchlauchtigſter,/ mein Wunſch aus treut</pc:Unicode>
                    </pc:TextEquiv>
                </pc:TextLine>
                <pc:TextLine id="region0001_cell0000_line0001">
                    <pc:AlternativeImage filename="OCR-D-SEG-LINE-RESEG-DEWARP/OCR-D-SEG-LINE-RESEG-DEWARP_p0009_region0001_cell0000_region0001_cell0000_line0001.IMG-DEWARP.png" comments="binarized,despeckled,binarized,dewarped"/>
                    <pc:Coords points="0,1220 1641,1220 1641,1303 0,1303"/>
                    <pc:TextEquiv conf="0.86076956987381">
                        <pc:Unicode>. Seelen,</pc:Unicode>
                    </pc:TextEquiv>
                </pc:TextLine>
            </pc:TextRegion>
        </pc:TableRegion>
    </pc:Page>
</pc:PcGts>
