1961 3036
266 159 1709 257 Prinzenraubes/ I. Buch. i
145 285 1691 394 Du thuſt den Boͤhmen auch hierdurch den groͤſten Dienf
148 372 1723 486 Wenn du dich dieſer That mit Helden⸗Muth erkuͤhnſt
153 473 1720 573 Denn alſo werden ſie die Schloͤſſer leicht bekommen,
157 572 1606 668 Die vor geraumer Zeit die Meiſſner weggenommen,
160 662 1724 758 Wie hoch wird ſich alsdann dein Ruhm und Gluͤck erhoͤhn
162 759 1721 854 Drum auf! nur friſch gewagt , es wird von ſtatten gehnſ
167 872 1722 1016 Hier ſchwies hier wich de Geiſt/ re ſchef nit ein
250 971 1562 1063 . Schlangen
153 1044 1719 1154 Jn Cunzens falſche Bruſt das ſchaͤndliche Verlangen
173 1140 1719 1245 Den Prinzen⸗Raub zu thun: Der ließ die Lagerſtadt
170 1231 1716 1337 Gleich mit dem Morgenroth vom Schweiſſe naß und matt
283 1443 1713 1535 ie ihre bieher unſſut beuehtt Et th tn ch Shlet ſt ſchee—
289 1512 1710 1578 geſtalt mit leiehter Muhe yieder beknmee konten: wie ſilches alles
290 1558 1711 1627 gc der Wihrſcheinlichteit uid Moglichkeit, mein ſeliger Vaiter
291 1609 1711 1672 D. olan Miris TP P   glaubwurdis uud umſtaidlich ausge?
283 1651 1713 1722 ſihret hat in de xorſtellung der mancerleyen Sfätt / ii
278 1700 1714 1767 deneu benden Churſuͤrſtl. priheun / 1. porzeſande elthe ſu Ni
291 1749 1705 1815 tenhirnickt orden: gich ielet hieraif der ſel Her .
287 1794 1713 1858 E c Ess in ſeiner gelehrtei iſyutägn de Raptü es
290 1845 1712 1912 berti uc. Son imgleichen L, in lasio aufungenſ. ſo
227 1891 1710 1962 u weiſſenfels / I/ eetresee ne i deeer geſchne kee / dl
287 1937 1708 2007 f hei dieſe veriurnftieige ut ieſiunen gergthei.
235 1986 1708 2059 ei alten Bihniſchei iuſſe r eiſee een dei oben gedachtei
288 2035 1707 2103 ntind Stͤdte / eihelaigt; ſo iſt ſoleher eidieh
226 2082 1721 2157 i ilt ii⸗ eeitz eeei i euzettetttrtr / äliſch ilſir
244 2130 1713 2201 jhie ersos Abrecht it ee d h h mau . ͤhiigi ri
287 2179 1711 2244 jeßin Vena oder Sicdonia des Koniges in Bohmen Geo aai
287 2227 1709 2292 Tochter, vermaͤhlte welehes Beylager hernaeh / 1464. wurcklieh
293 2271 1715 2344 voliugen vorden ali uodure ihm die bißher iiſpruch aeimmienẽ
296 2323 1714 2388 4. Staͤdte und Sehloͤſſer gleiehſam zur Heimſtener mitgegehen ung
296 2368 1714 2436 damit dieſe Forderuig nuzlieh aufaehahen ward. Der damahls auf⸗
295 2417 1714 2509 le t aae eiiie
296 2457 1714 2527 Eihiein ui c Fů. Sichi iü it iü lte ii i i iss
292 2512 1723 2578 Reichstags-Neaui unter riterite der l orſeluis P
297 2552 1716 2620 T i Sachci. eldenaal /
270 2602 1715 2665 nit . s .ooEt. bert s e ee:
285 2637 1713 2709 icRifs Asĩ riſrt ia cx rä
299 2696 1219 2760 IL. ſcriptor. Rerum German. pag. 122.
301 2743 407 2760 —
1685 381 1714 477 t-
