1943 3200
320 1356 1677 1459 Arff ſich Durchlauchtigſter, mein Koͤhler zu
1044 1450 1482 1524 Dir wagen,
328 1509 1667 1596 Daß er ſich aus dem Wald, zu Deinem Thro⸗
108 1592 1478 1668 ne naht?
115 1658 1551 1744 Mag ihm erlaubet ſeyn, in Demuth furzutragen,
119 1745 1593 1834 Was er fuͤr einen Dienſt einſt Deinem Hauße that?
0 1838 1576 1929 Darff er die alte Treu in neuen Reimen zeigen;
125 1931 1666 2021 So wird alsdann ſein Gluͤck zum hoͤchſten Gipfel ſteigen.
0 2100 1751 2313 Zer o w tneni
132 2307 1679 2454 Sen ſchwarer Kohlen⸗ dRoe ſo c fic un Pirur
1077 2392 1236 2465 nicht:
136 2473 1605 2560 Er liebt die Einſamkeit, er wohnt in Wald und Auen,
132 2559 1691 2654 Und ſeine Finſterniß vertraͤgt kein helles Licht;
93 2656 1678 2753 Er weiß nichts von der Kunſt, ſich praͤchtig auszudruͤcken,
118 2755 1749 2851 Die Einfalt der Natur muß ſeinen Vortrag ſchmuͤcken.
857 2850 1743 2935 )3 Jeden⸗
