2063 3200
228 250 1782 388 . zan die Eedern ſchon an ihren Keymen kennet,
225 386 1861 480 Die Lowen an dem Muth, die Adler am Geſicht,
222 488 1857 587 Und wie das Morgenroth, wenn es die Schatten trennet,
217 581 1878 684 Als Herold bald der Welt den Sonnen⸗ Glanz verſpricht:
84 683 1744 780 So zeigt er auch bereits noch in der zartſten Jugend,
215 783 1626 878 Den angeerbten Trieb der unbefleckten Tugend.
227 1317 1891 1409 Er treffe nein! er trifft nach meiner Hoffnung ein,
155 1417 1848 1507 Jſt meine Dichtkunſt mcht den beſten beyzuzehlen,
226 1517 1892 1604 So ſoll jedoch mein Herz nicht von den ſchlimmſten ſeyn
188 1611 1837 1800 eXe dX ieeeAeXXXi—
1172 1804 1395 1890 haben.
0 1835 28 1859 .
0 1846 25 1867 2
0 2041 26 2085 h
14 2007 37 2152 2
0 2090 25 2194 i ere
22 2252 42 2325 Zai
0 1069 1891 1223 Duß ſt Durchlauchtigſter, men Wunſch aus treuer
0 1220 1641 1303 Seelen,
