<?xml version="1.0" encoding="UTF-8"?>
<pc:PcGts xmlns:pc="http://schema.primaresearch.org/PAGE/gts/pagecontent/2019-07-15" xmlns:xsi="http://www.w3.org/2001/XMLSchema-instance" xsi:schemaLocation="http://schema.primaresearch.org/PAGE/gts/pagecontent/2019-07-15 http://schema.primaresearch.org/PAGE/gts/pagecontent/2019-07-15/pagecontent.xsd" pcGtsId="CALAMARI_p0005">
    <pc:Metadata>
        <pc:Creator>OCR-D/core 2.63.0</pc:Creator>
        <pc:Created>2024-02-25T19:30:58</pc:Created>
        <pc:LastChange>2024-02-25T19:30:58</pc:LastChange>
        <pc:MetadataItem type="processingStep" name="preprocessing/optimization/binarization" value="ocrd-olena-binarize">
            <pc:Labels>
                <pc:Label value="sauvola-ms-split" type="impl"/>
                <pc:Label value="0" type="dpi"/>
                <pc:Label value="0.34" type="k"/>
                <pc:Label value="0" type="win-size"/>
            </pc:Labels>
        </pc:MetadataItem>
        <pc:MetadataItem type="processingStep" name="preprocessing/optimization/despeckling" value="ocrd-skimage-denoise">
            <pc:Labels externalModel="ocrd-tool" externalId="parameters">
                <pc:Label value="page" type="level-of-operation"/>
                <pc:Label value="0" type="dpi"/>
                <pc:Label value="0.0" type="protect"/>
                <pc:Label value="1.0" type="maxsize"/>
            </pc:Labels>
            <pc:Labels externalModel="ocrd-tool" externalId="version">
                <pc:Label value="0.1.8" type="ocrd-skimage-denoise"/>
                <pc:Label value="2.63.0" type="ocrd/core"/>
            </pc:Labels>
        </pc:MetadataItem>
        <pc:MetadataItem type="processingStep" name="preprocessing/optimization/deskewing" value="ocrd-tesserocr-deskew">
            <pc:Labels externalModel="ocrd-tool" externalId="parameters">
                <pc:Label value="page" type="operation_level"/>
                <pc:Label value="0" type="dpi"/>
                <pc:Label value="1.5" type="min_orientation_confidence"/>
            </pc:Labels>
            <pc:Labels externalModel="ocrd-tool" externalId="version">
                <pc:Label value="0.18.0 (tesseract 5.3.4)" type="ocrd-tesserocr-deskew"/>
                <pc:Label value="2.63.0" type="ocrd/core"/>
            </pc:Labels>
        </pc:MetadataItem>
        <pc:MetadataItem type="processingStep" name="layout/segmentation/region" value="ocrd-tesserocr-segment">
            <pc:Labels externalModel="ocrd-tool" externalId="parameters">
                <pc:Label value="0" type="dpi"/>
                <pc:Label value="4" type="padding"/>
                <pc:Label value="False" type="shrink_polygons"/>
                <pc:Label value="False" type="block_polygons"/>
                <pc:Label value="True" type="find_tables"/>
                <pc:Label value="False" type="find_staves"/>
                <pc:Label value="False" type="sparse_text"/>
                <pc:Label value="True" type="overwrite_segments"/>
                <pc:Label value="region" type="segmentation_level"/>
                <pc:Label value="none" type="textequiv_level"/>
                <pc:Label value="True" type="overwrite_text"/>
                <pc:Label value="False" type="raw_lines"/>
                <pc:Label value="" type="char_whitelist"/>
                <pc:Label value="" type="char_blacklist"/>
                <pc:Label value="" type="char_unblacklist"/>
                <pc:Label value="{}" type="tesseract_parameters"/>
                <pc:Label value="{}" type="xpath_parameters"/>
                <pc:Label value="{}" type="xpath_model"/>
                <pc:Label value="False" type="auto_model"/>
                <pc:Label value="DEFAULT" type="oem"/>
            </pc:Labels>
            <pc:Labels externalModel="ocrd-tool" externalId="version">
                <pc:Label value="0.18.0 (tesseract 5.3.4)" type="ocrd-tesserocr-segment"/>
                <pc:Label value="2.63.0" type="ocrd/core"/>
            </pc:Labels>
        </pc:MetadataItem>
        <pc:MetadataItem type="processingStep" name="preprocessing/optimization/dewarping" value="ocrd-cis-ocropy-dewarp">
            <pc:Labels externalModel="ocrd-tool" externalId="parameters">
                <pc:Label value="0" type="dpi"/>
                <pc:Label value="4.0" type="range"/>
                <pc:Label value="1.0" type="smoothness"/>
                <pc:Label value="0.05" type="max_neighbour"/>
            </pc:Labels>
            <pc:Labels externalModel="ocrd-tool" externalId="version">
                <pc:Label value="0.1.5" type="ocrd-cis-ocropy-dewarp"/>
                <pc:Label value="2.63.0" type="ocrd/core"/>
            </pc:Labels>
        </pc:MetadataItem>
        <pc:MetadataItem type="processingStep" name="recognition/text-recognition" value="ocrd-calamari-recognize">
            <pc:Labels externalModel="ocrd-tool" externalId="parameters">
                <pc:Label value="qurator-gt4histocr-1.0" type="checkpoint_dir"/>
                <pc:Label value="confidence_voter_default_ctc" type="voter"/>
                <pc:Label value="line" type="textequiv_level"/>
                <pc:Label value="0.001" type="glyph_conf_cutoff"/>
            </pc:Labels>
            <pc:Labels externalModel="ocrd-tool" externalId="version">
                <pc:Label value="1.0.6 (calamari 1.0.6, tensorflow 2.13.1)" type="ocrd-calamari-recognize"/>
                <pc:Label value="2.63.0" type="ocrd/core"/>
            </pc:Labels>
        </pc:MetadataItem>
    </pc:Metadata>
    <pc:Page imageFilename="OCR-D-IMG/0005.png" imageWidth="2095" imageHeight="3200" orientation="0.088598132324165" type="content" primaryScript="Latf - Latin (Fraktur variant)" readingDirection="left-to-right" textLineOrder="top-to-bottom">
        <pc:AlternativeImage filename="OCR-D-BIN/OCR-D-BIN_p0005-BIN_sauvola-ms-split.png" comments="binarized"/>
        <pc:AlternativeImage filename="OCR-D-BIN-DENOISE/OCR-D-BIN-DENOISE_p0005.IMG-DEN.png" comments="binarized,despeckled"/>
        <pc:AlternativeImage filename="OCR-D-BIN-DENOISE-DESKEW/OCR-D-BIN-DENOISE-DESKEW_p0005.IMG-DESKEW.png" comments="binarized,despeckled,deskewed"/>
        <pc:AlternativeImage filename="OCR-D-SEG/OCR-D-SEG_p0005.IMG-BIN.png" comments="binarized,despeckled,deskewed,binarized,clipped"/>
        <pc:ReadingOrder>
            <pc:OrderedGroup id="reading-order">
                <pc:OrderedGroupIndexed id="region0000_order" regionRef="region0000" index="0">
                    <pc:RegionRefIndexed index="0" regionRef="region0000_cell0000"/>
                </pc:OrderedGroupIndexed>
                <pc:RegionRefIndexed index="1" regionRef="region0001"/>
                <pc:RegionRefIndexed index="2" regionRef="region0002"/>
                <pc:OrderedGroupIndexed id="region0003_order" regionRef="region0003" index="3">
                    <pc:RegionRefIndexed index="0" regionRef="region0003_cell0000"/>
                    <pc:RegionRefIndexed index="1" regionRef="region0003_cell0001"/>
                    <pc:RegionRefIndexed index="2" regionRef="region0003_cell0002"/>
                </pc:OrderedGroupIndexed>
                <pc:RegionRefIndexed index="4" regionRef="region0004"/>
                <pc:RegionRefIndexed index="5" regionRef="region0005"/>
                <pc:RegionRefIndexed index="6" regionRef="region0006"/>
                <pc:RegionRefIndexed index="7" regionRef="region0007"/>
                <pc:RegionRefIndexed index="8" regionRef="region0008"/>
                <pc:RegionRefIndexed index="9" regionRef="region0009"/>
                <pc:RegionRefIndexed index="10" regionRef="region0010"/>
            </pc:OrderedGroup>
        </pc:ReadingOrder>
        <pc:TextRegion id="region0001" orientation="0.293591092439641" readingDirection="left-to-right" textLineOrder="top-to-bottom">
            <pc:Coords points="231,327 1865,324 1866,955 232,958"/>
            <pc:TextLine id="region0001_line0000">
                <pc:AlternativeImage filename="OCR-D-SEG-LINE-RESEG-DEWARP/OCR-D-SEG-LINE-RESEG-DEWARP_p0005_region0001_region0001_line0000.IMG-DEWARP.png" comments="binarized,despeckled,binarized,dewarped"/>
                <pc:Coords points="264,327 264,488 1826,485 1826,324 979,325"/>
                <pc:TextEquiv conf="0.786385059356689">
                    <pc:Unicode>Joemoch agt er es, uid traut auf Dene Gtt,</pc:Unicode>
                </pc:TextEquiv>
            </pc:TextLine>
            <pc:TextLine id="region0001_line0001">
                <pc:AlternativeImage filename="OCR-D-SEG-LINE-RESEG-DEWARP/OCR-D-SEG-LINE-RESEG-DEWARP_p0005_region0001_region0001_line0001.IMG-DEWARP.png" comments="binarized,despeckled,binarized,dewarped"/>
                <pc:Coords points="272,454 1865,451 1865,565 272,568"/>
                <pc:TextEquiv conf="0.982070922851562">
                    <pc:Unicode>Er meynt, er treff in Dir den ſanfften riedrich an;</pc:Unicode>
                </pc:TextEquiv>
            </pc:TextLine>
            <pc:TextLine id="region0001_line0002">
                <pc:AlternativeImage filename="OCR-D-SEG-LINE-RESEG-DEWARP/OCR-D-SEG-LINE-RESEG-DEWARP_p0005_region0001_region0001_line0002.IMG-DEWARP.png" comments="binarized,despeckled,binarized,dewarped"/>
                <pc:Coords points="298,564 1846,561 1846,653 298,656"/>
                <pc:TextEquiv conf="0.998869895935059">
                    <pc:Unicode>Der ihm vor ſeine Treu, mit danckbarem Gemuͤthe,</pc:Unicode>
                </pc:TextEquiv>
            </pc:TextLine>
            <pc:TextLine id="region0001_line0003">
                <pc:AlternativeImage filename="OCR-D-SEG-LINE-RESEG-DEWARP/OCR-D-SEG-LINE-RESEG-DEWARP_p0005_region0001_region0001_line0003.IMG-DEWARP.png" comments="binarized,despeckled,binarized,dewarped"/>
                <pc:Coords points="1844,758 1844,650 231,652 231,760"/>
                <pc:TextEquiv conf="0.994274973869324">
                    <pc:Unicode>Und Gnadenreicher Huld, Zeit lebens, zugethan;</pc:Unicode>
                </pc:TextEquiv>
            </pc:TextLine>
            <pc:TextLine id="region0001_line0004">
                <pc:AlternativeImage filename="OCR-D-SEG-LINE-RESEG-DEWARP/OCR-D-SEG-LINE-RESEG-DEWARP_p0005_region0001_region0001_line0004.IMG-DEWARP.png" comments="binarized,despeckled,binarized,dewarped"/>
                <pc:Coords points="300,757 1825,754 1825,850 300,853"/>
                <pc:TextEquiv conf="0.993029594421387">
                    <pc:Unicode>Jhn aus dem oͤden Wald an ſeinen Hof gezogen,</pc:Unicode>
                </pc:TextEquiv>
            </pc:TextLine>
            <pc:TextLine id="region0001_line0005">
                <pc:AlternativeImage filename="OCR-D-SEG-LINE-RESEG-DEWARP/OCR-D-SEG-LINE-RESEG-DEWARP_p0005_region0001_region0001_line0005.IMG-DEWARP.png" comments="binarized,despeckled,binarized,dewarped"/>
                <pc:Coords points="1848,955 1847,843 266,846 266,957 1311,956"/>
                <pc:TextEquiv conf="0.990459859371185">
                    <pc:Unicode>Und uͤberall gezeigt, daß er ihm wohlgewogen.</pc:Unicode>
                </pc:TextEquiv>
            </pc:TextLine>
            <pc:TextEquiv>
                <pc:Unicode>Joemoch agt er es, uid traut auf Dene Gtt,
Er meynt, er treff in Dir den ſanfften riedrich an;
Der ihm vor ſeine Treu, mit danckbarem Gemuͤthe,
Und Gnadenreicher Huld, Zeit lebens, zugethan;
Jhn aus dem oͤden Wald an ſeinen Hof gezogen,
Und uͤberall gezeigt, daß er ihm wohlgewogen.</pc:Unicode>
            </pc:TextEquiv>
        </pc:TextRegion>
        <pc:TextRegion id="region0002" orientation="0.293591092439641" readingDirection="left-to-right" textLineOrder="top-to-bottom">
            <pc:Coords points="271,988 434,987 434,1038 271,1039"/>
            <pc:TextLine id="region0002_line0000">
                <pc:Coords points="377,1018 377,987 271,988 271,1019"/>
                <pc:TextEquiv conf="0.507083237171173">
                    <pc:Unicode>ii</pc:Unicode>
                </pc:TextEquiv>
            </pc:TextLine>
            <pc:TextLine id="region0002_line0001">
                <pc:AlternativeImage filename="OCR-D-SEG-LINE-RESEG-DEWARP/OCR-D-SEG-LINE-RESEG-DEWARP_p0005_region0002_region0002_line0001.IMG-DEWARP.png" comments="binarized,despeckled,binarized,dewarped"/>
                <pc:Coords points="274,1008 274,1038 434,1038 434,1007"/>
                <pc:TextEquiv conf="0.465042740106583">
                    <pc:Unicode>is.</pc:Unicode>
                </pc:TextEquiv>
            </pc:TextLine>
            <pc:TextEquiv>
                <pc:Unicode>ii
is.</pc:Unicode>
            </pc:TextEquiv>
        </pc:TextRegion>
        <pc:TextRegion id="region0004" orientation="0.293591092439641" readingDirection="left-to-right" textLineOrder="top-to-bottom">
            <pc:Coords points="294,1369 1990,1366 1991,2006 295,2009"/>
            <pc:TextLine id="region0004_line0000">
                <pc:AlternativeImage filename="OCR-D-SEG-LINE-RESEG-DEWARP/OCR-D-SEG-LINE-RESEG-DEWARP_p0005_region0004_region0004_line0000.IMG-DEWARP.png" comments="binarized,despeckled,binarized,dewarped"/>
                <pc:Coords points="308,1369 308,1459 1709,1456 1709,1366 374,1368"/>
                <pc:TextEquiv conf="0.990084648132324">
                    <pc:Unicode>Das ſtellſt Du wiederum in Dir vollſtaͤndig dar;</pc:Unicode>
                </pc:TextEquiv>
            </pc:TextLine>
            <pc:TextLine id="region0004_line0001">
                <pc:AlternativeImage filename="OCR-D-SEG-LINE-RESEG-DEWARP/OCR-D-SEG-LINE-RESEG-DEWARP_p0005_region0004_region0004_line0001.IMG-DEWARP.png" comments="binarized,despeckled,binarized,dewarped"/>
                <pc:Coords points="303,1439 1953,1436 1953,1547 303,1550"/>
                <pc:TextEquiv conf="0.996290326118469">
                    <pc:Unicode>Was man von ihm izt ſchreibt, wird man von Dir einſt</pc:Unicode>
                </pc:TextEquiv>
            </pc:TextLine>
            <pc:TextLine id="region0004_line0002">
                <pc:AlternativeImage filename="OCR-D-SEG-LINE-RESEG-DEWARP/OCR-D-SEG-LINE-RESEG-DEWARP_p0005_region0004_region0004_line0002.IMG-DEWARP.png" comments="binarized,despeckled,binarized,dewarped"/>
                <pc:Coords points="1131,1552 1969,1551 1970,1643 1132,1644"/>
                <pc:TextEquiv conf="0.954339683055878">
                    <pc:Unicode>leſen,</pc:Unicode>
                </pc:TextEquiv>
            </pc:TextLine>
            <pc:TextLine id="region0004_line0003">
                <pc:AlternativeImage filename="OCR-D-SEG-LINE-RESEG-DEWARP/OCR-D-SEG-LINE-RESEG-DEWARP_p0005_region0004_region0004_line0003.IMG-DEWARP.png" comments="binarized,despeckled,binarized,dewarped"/>
                <pc:Coords points="314,1653 1792,1650 1792,1732 314,1735"/>
                <pc:TextEquiv conf="0.996973872184753">
                    <pc:Unicode>Weil Du von neuem biſt, was er vor Alters war;</pc:Unicode>
                </pc:TextEquiv>
            </pc:TextLine>
            <pc:TextLine id="region0004_line0004">
                <pc:AlternativeImage filename="OCR-D-SEG-LINE-RESEG-DEWARP/OCR-D-SEG-LINE-RESEG-DEWARP_p0005_region0004_region0004_line0004.IMG-DEWARP.png" comments="binarized,despeckled,binarized,dewarped"/>
                <pc:Coords points="295,1744 295,1841 1990,1838 1990,1741"/>
                <pc:TextEquiv conf="0.996685802936554">
                    <pc:Unicode>Wie Du nach Deinem Stamm, von ſeinem Blut ge⸗</pc:Unicode>
                </pc:TextEquiv>
            </pc:TextLine>
            <pc:TextLine id="region0004_line0005">
                <pc:AlternativeImage filename="OCR-D-SEG-LINE-RESEG-DEWARP/OCR-D-SEG-LINE-RESEG-DEWARP_p0005_region0004_region0004_line0005.IMG-DEWARP.png" comments="binarized,despeckled,binarized,dewarped"/>
                <pc:Coords points="1193,1831 1737,1830 1737,1921 1193,1922"/>
                <pc:TextEquiv conf="0.997528910636902">
                    <pc:Unicode>kommen;</pc:Unicode>
                </pc:TextEquiv>
            </pc:TextLine>
            <pc:TextLine id="region0004_line0006">
                <pc:AlternativeImage filename="OCR-D-SEG-LINE-RESEG-DEWARP/OCR-D-SEG-LINE-RESEG-DEWARP_p0005_region0004_region0004_line0006.IMG-DEWARP.png" comments="binarized,despeckled,binarized,dewarped"/>
                <pc:Coords points="1901,2006 1901,1917 297,1920 297,2008 331,2008"/>
                <pc:TextEquiv conf="0.996190249919891">
                    <pc:Unicode>So haſt Du auch von ihm die Tugend angenommen.</pc:Unicode>
                </pc:TextEquiv>
            </pc:TextLine>
            <pc:TextEquiv>
                <pc:Unicode>Das ſtellſt Du wiederum in Dir vollſtaͤndig dar;
Was man von ihm izt ſchreibt, wird man von Dir einſt
leſen,
Weil Du von neuem biſt, was er vor Alters war;
Wie Du nach Deinem Stamm, von ſeinem Blut ge⸗
kommen;
So haſt Du auch von ihm die Tugend angenommen.</pc:Unicode>
            </pc:TextEquiv>
        </pc:TextRegion>
        <pc:TextRegion id="region0005" orientation="0.293591092439641" readingDirection="left-to-right" textLineOrder="top-to-bottom">
            <pc:Coords points="965,2094 1165,2093 1165,2167 965,2168"/>
            <pc:TextLine id="region0005_line0000">
                <pc:AlternativeImage filename="OCR-D-SEG-LINE-RESEG-DEWARP/OCR-D-SEG-LINE-RESEG-DEWARP_p0005_region0005_region0005_line0000.IMG-DEWARP.png" comments="binarized,despeckled,binarized,dewarped"/>
                <pc:Coords points="965,2094 1165,2093 1165,2167 965,2168"/>
                <pc:TextEquiv conf="0.">
                    <pc:Unicode></pc:Unicode>
                </pc:TextEquiv>
            </pc:TextLine>
            <pc:TextEquiv>
                <pc:Unicode></pc:Unicode>
            </pc:TextEquiv>
        </pc:TextRegion>
        <pc:TextRegion id="region0006" orientation="0.293591092439641" readingDirection="left-to-right" textLineOrder="top-to-bottom">
            <pc:Coords points="172,2190 1926,2187 1927,2795 173,2798"/>
            <pc:TextLine id="region0006_line0000">
                <pc:AlternativeImage filename="OCR-D-SEG-LINE-RESEG-DEWARP/OCR-D-SEG-LINE-RESEG-DEWARP_p0005_region0006_region0006_line0000.IMG-DEWARP.png" comments="binarized,despeckled,binarized,dewarped"/>
                <pc:Coords points="314,2190 315,2332 1926,2329 1926,2187"/>
                <pc:TextEquiv conf="0.923641562461853">
                    <pc:Unicode>ufzrderſt iſt Dir, Herr, die Sanfftmuth angebohren,</pc:Unicode>
                </pc:TextEquiv>
            </pc:TextLine>
            <pc:TextLine id="region0006_line0001">
                <pc:AlternativeImage filename="OCR-D-SEG-LINE-RESEG-DEWARP/OCR-D-SEG-LINE-RESEG-DEWARP_p0005_region0006_region0006_line0001.IMG-DEWARP.png" comments="binarized,despeckled,binarized,dewarped"/>
                <pc:Coords points="314,2329 1835,2326 1835,2419 314,2422"/>
                <pc:TextEquiv conf="0.996225118637085">
                    <pc:Unicode>Du biſt ſelbſt von Natur zur Freundlichkeit geneigt,</pc:Unicode>
                </pc:TextEquiv>
            </pc:TextLine>
            <pc:TextLine id="region0006_line0002">
                <pc:AlternativeImage filename="OCR-D-SEG-LINE-RESEG-DEWARP/OCR-D-SEG-LINE-RESEG-DEWARP_p0005_region0006_region0006_line0002.IMG-DEWARP.png" comments="binarized,despeckled,binarized,dewarped"/>
                <pc:Coords points="180,2419 1766,2416 1766,2520 180,2523"/>
                <pc:TextEquiv conf="0.997542440891266">
                    <pc:Unicode>Und achteſt dieſen Tag, wie Titus, fuͤr verlohren,</pc:Unicode>
                </pc:TextEquiv>
            </pc:TextLine>
            <pc:TextLine id="region0006_line0003">
                <pc:AlternativeImage filename="OCR-D-SEG-LINE-RESEG-DEWARP/OCR-D-SEG-LINE-RESEG-DEWARP_p0005_region0006_region0006_line0003.IMG-DEWARP.png" comments="binarized,despeckled,binarized,dewarped"/>
                <pc:Coords points="173,2514 1782,2511 1782,2601 173,2604"/>
                <pc:TextEquiv conf="0.99944132566452">
                    <pc:Unicode>Der Dir zum Wohlthun nicht Gelegenheit gezeigt:</pc:Unicode>
                </pc:TextEquiv>
            </pc:TextLine>
            <pc:TextLine id="region0006_line0004">
                <pc:AlternativeImage filename="OCR-D-SEG-LINE-RESEG-DEWARP/OCR-D-SEG-LINE-RESEG-DEWARP_p0005_region0006_region0006_line0004.IMG-DEWARP.png" comments="binarized,despeckled,binarized,dewarped"/>
                <pc:Coords points="315,2602 1898,2599 1898,2703 315,2706"/>
                <pc:TextEquiv conf="0.99962443113327">
                    <pc:Unicode>Wer traurig und betruͤbt vor Dir zuerſt erſchienen</pc:Unicode>
                </pc:TextEquiv>
            </pc:TextLine>
            <pc:TextLine id="region0006_line0005">
                <pc:AlternativeImage filename="OCR-D-SEG-LINE-RESEG-DEWARP/OCR-D-SEG-LINE-RESEG-DEWARP_p0005_region0006_region0006_line0005.IMG-DEWARP.png" comments="binarized,despeckled,binarized,dewarped"/>
                <pc:Coords points="1896,2795 1896,2700 320,2703 320,2797 1621,2795"/>
                <pc:TextEquiv conf="0.991660714149475">
                    <pc:Unicode>Geht wieder von Dir fort, mit aufgeklaͤhrten Minen.</pc:Unicode>
                </pc:TextEquiv>
            </pc:TextLine>
            <pc:TextEquiv>
                <pc:Unicode>ufzrderſt iſt Dir, Herr, die Sanfftmuth angebohren,
Du biſt ſelbſt von Natur zur Freundlichkeit geneigt,
Und achteſt dieſen Tag, wie Titus, fuͤr verlohren,
Der Dir zum Wohlthun nicht Gelegenheit gezeigt:
Wer traurig und betruͤbt vor Dir zuerſt erſchienen
Geht wieder von Dir fort, mit aufgeklaͤhrten Minen.</pc:Unicode>
            </pc:TextEquiv>
        </pc:TextRegion>
        <pc:TextRegion id="region0008" orientation="0.293591092439641" readingDirection="left-to-right" textLineOrder="top-to-bottom">
            <pc:Coords points="1018,2826 1034,2826 1034,2851 1018,2851"/>
            <pc:TextLine id="region0008_line0000">
                <pc:Coords points="1018,2826 1034,2826 1034,2851 1018,2851"/>
                <pc:TextEquiv conf="0.">
                    <pc:Unicode></pc:Unicode>
                </pc:TextEquiv>
            </pc:TextLine>
            <pc:TextEquiv>
                <pc:Unicode></pc:Unicode>
            </pc:TextEquiv>
        </pc:TextRegion>
        <pc:TextRegion id="region0009" orientation="0.293591092439641" readingDirection="left-to-right" textLineOrder="top-to-bottom">
            <pc:Coords points="1758,2836 1894,2836 1895,2919 1759,2919"/>
            <pc:TextLine id="region0009_line0000">
                <pc:AlternativeImage filename="OCR-D-SEG-LINE-RESEG-DEWARP/OCR-D-SEG-LINE-RESEG-DEWARP_p0005_region0009_region0009_line0000.IMG-DEWARP.png" comments="binarized,despeckled,binarized,dewarped"/>
                <pc:Coords points="1758,2836 1894,2836 1895,2919 1759,2919"/>
                <pc:TextEquiv conf="0.997219622135162">
                    <pc:Unicode>Hier</pc:Unicode>
                </pc:TextEquiv>
            </pc:TextLine>
            <pc:TextEquiv>
                <pc:Unicode>Hier</pc:Unicode>
            </pc:TextEquiv>
        </pc:TextRegion>
        <pc:ImageRegion id="region0007" orientation="0.293591092439641">
            <pc:Coords points="186,2564 184,1338 0,1338 0,2564"/>
        </pc:ImageRegion>
        <pc:ImageRegion id="region0010" orientation="0.293591092439641">
            <pc:Coords points="0,3200 2095,3200 2095,0 0,0"/>
        </pc:ImageRegion>
        <pc:TableRegion id="region0000" orientation="0.293591092439641">
            <pc:Coords points="402,64 1970,62 1971,319 403,321"/>
            <pc:TextRegion id="region0000_cell0000" orientation="0.293591092439641" readingDirection="left-to-right" textLineOrder="top-to-bottom">
                <pc:Coords points="402,64 1970,62 1971,319 403,321"/>
                <pc:TextLine id="region0000_cell0000_line0000">
                    <pc:AlternativeImage filename="OCR-D-SEG-LINE-RESEG-DEWARP/OCR-D-SEG-LINE-RESEG-DEWARP_p0005_region0000_cell0000_region0000_cell0000_line0000.IMG-DEWARP.png" comments="binarized,despeckled,binarized,dewarped"/>
                    <pc:Coords points="680,64 680,112 1656,110 1656,62 1138,63"/>
                    <pc:TextEquiv conf="0.413003712892532">
                        <pc:Unicode>V.  * ,,i*x0-</pc:Unicode>
                    </pc:TextEquiv>
                </pc:TextLine>
                <pc:TextLine id="region0000_cell0000_line0001">
                    <pc:AlternativeImage filename="OCR-D-SEG-LINE-RESEG-DEWARP/OCR-D-SEG-LINE-RESEG-DEWARP_p0005_region0000_cell0000_region0000_cell0000_line0001.IMG-DEWARP.png" comments="binarized,despeckled,binarized,dewarped"/>
                    <pc:Coords points="755,88 1970,86 1970,139 755,141"/>
                    <pc:TextEquiv conf="0.611602067947388">
                        <pc:Unicode>—</pc:Unicode>
                    </pc:TextEquiv>
                </pc:TextLine>
                <pc:TextLine id="region0000_cell0000_line0002">
                    <pc:AlternativeImage filename="OCR-D-SEG-LINE-RESEG-DEWARP/OCR-D-SEG-LINE-RESEG-DEWARP_p0005_region0000_cell0000_region0000_cell0000_line0002.IMG-DEWARP.png" comments="binarized,despeckled,binarized,dewarped"/>
                    <pc:Coords points="658,149 1641,147 1641,188 658,190"/>
                    <pc:TextEquiv conf="0.473611772060394">
                        <pc:Unicode></pc:Unicode>
                    </pc:TextEquiv>
                </pc:TextLine>
                <pc:TextLine id="region0000_cell0000_line0003">
                    <pc:AlternativeImage filename="OCR-D-SEG-LINE-RESEG-DEWARP/OCR-D-SEG-LINE-RESEG-DEWARP_p0005_region0000_cell0000_region0000_cell0000_line0003.IMG-DEWARP.png" comments="binarized,despeckled,binarized,dewarped"/>
                    <pc:Coords points="1821,203 1821,169 402,170 402,204"/>
                    <pc:TextEquiv conf="0.5145423412323">
                        <pc:Unicode>L.. ,,F 1., 2</pc:Unicode>
                    </pc:TextEquiv>
                </pc:TextLine>
                <pc:TextLine id="region0000_cell0000_line0004">
                    <pc:AlternativeImage filename="OCR-D-SEG-LINE-RESEG-DEWARP/OCR-D-SEG-LINE-RESEG-DEWARP_p0005_region0000_cell0000_region0000_cell0000_line0004.IMG-DEWARP.png" comments="binarized,despeckled,binarized,dewarped"/>
                    <pc:Coords points="650,184 1871,182 1871,235 650,237"/>
                    <pc:TextEquiv conf="0.464802175760269">
                        <pc:Unicode>e rt rrr i.r]ti,</pc:Unicode>
                    </pc:TextEquiv>
                </pc:TextLine>
                <pc:TextLine id="region0000_cell0000_line0005">
                    <pc:AlternativeImage filename="OCR-D-SEG-LINE-RESEG-DEWARP/OCR-D-SEG-LINE-RESEG-DEWARP_p0005_region0000_cell0000_region0000_cell0000_line0005.IMG-DEWARP.png" comments="binarized,despeckled,binarized,dewarped"/>
                    <pc:Coords points="1051,223 1802,222 1802,257 1051,258"/>
                    <pc:TextEquiv conf="0.511653244495392">
                        <pc:Unicode>il</pc:Unicode>
                    </pc:TextEquiv>
                </pc:TextLine>
                <pc:TextLine id="region0000_cell0000_line0006">
                    <pc:AlternativeImage filename="OCR-D-SEG-LINE-RESEG-DEWARP/OCR-D-SEG-LINE-RESEG-DEWARP_p0005_region0000_cell0000_region0000_cell0000_line0006.IMG-DEWARP.png" comments="binarized,despeckled,binarized,dewarped"/>
                    <pc:Coords points="1016,221 1553,221 1554,302 1017,302"/>
                    <pc:TextEquiv conf="0.565233707427979">
                        <pc:Unicode>⸗</pc:Unicode>
                    </pc:TextEquiv>
                </pc:TextLine>
                <pc:TextLine id="region0000_cell0000_line0007">
                    <pc:AlternativeImage filename="OCR-D-SEG-LINE-RESEG-DEWARP/OCR-D-SEG-LINE-RESEG-DEWARP_p0005_region0000_cell0000_region0000_cell0000_line0007.IMG-DEWARP.png" comments="binarized,despeckled,binarized,dewarped"/>
                    <pc:Coords points="993,271 1645,270 1646,319 994,320"/>
                    <pc:TextEquiv conf="0.">
                        <pc:Unicode></pc:Unicode>
                    </pc:TextEquiv>
                </pc:TextLine>
            </pc:TextRegion>
        </pc:TableRegion>
        <pc:TableRegion id="region0003" orientation="0.293591092439641">
            <pc:Coords points="1995,1362 1995,1000 0,1002 0,1364"/>
            <pc:TextRegion id="region0003_cell0000" orientation="0.293591092439641" readingDirection="left-to-right" textLineOrder="top-to-bottom">
                <pc:Coords points="1804,1113 1804,1000 0,1002 0,1115"/>
                <pc:TextLine id="region0003_cell0000_line0000">
                    <pc:AlternativeImage filename="OCR-D-SEG-LINE-RESEG-DEWARP/OCR-D-SEG-LINE-RESEG-DEWARP_p0005_region0003_cell0000_region0003_cell0000_line0000.IMG-DEWARP.png" comments="binarized,despeckled,binarized,dewarped"/>
                    <pc:Coords points="1234,1111 1234,1001 0,1002 0,1112"/>
                    <pc:TextEquiv conf="0.508679330348969">
                        <pc:Unicode></pc:Unicode>
                    </pc:TextEquiv>
                </pc:TextLine>
            </pc:TextRegion>
            <pc:TextRegion id="region0003_cell0001" orientation="0.293591092439641" readingDirection="left-to-right" textLineOrder="top-to-bottom">
                <pc:Coords points="0,1112 0,1322 1995,1320 1995,1110"/>
                <pc:TextLine id="region0003_cell0001_line0000">
                    <pc:AlternativeImage filename="OCR-D-SEG-LINE-RESEG-DEWARP/OCR-D-SEG-LINE-RESEG-DEWARP_p0005_region0003_cell0001_region0003_cell0001_line0000.IMG-DEWARP.png" comments="binarized,despeckled,binarized,dewarped"/>
                    <pc:Coords points="242,1121 1995,1118 1995,1253 242,1256"/>
                    <pc:TextEquiv conf="0.712464570999146">
                        <pc:Unicode>Us aus ca a ri:. was dl a</pc:Unicode>
                    </pc:TextEquiv>
                </pc:TextLine>
                <pc:TextLine id="region0003_cell0001_line0001">
                    <pc:AlternativeImage filename="OCR-D-SEG-LINE-RESEG-DEWARP/OCR-D-SEG-LINE-RESEG-DEWARP_p0005_region0003_cell0001_region0003_cell0001_line0001.IMG-DEWARP.png" comments="binarized,despeckled,binarized,dewarped"/>
                    <pc:Coords points="1945,1276 1945,1180 0,1182 0,1278"/>
                    <pc:TextEquiv conf="0.975688874721527">
                        <pc:Unicode>lUnd freylich hat er recht: was Friedrich ſonſt ge⸗</pc:Unicode>
                    </pc:TextEquiv>
                </pc:TextLine>
                <pc:TextLine id="region0003_cell0001_line0002">
                    <pc:AlternativeImage filename="OCR-D-SEG-LINE-RESEG-DEWARP/OCR-D-SEG-LINE-RESEG-DEWARP_p0005_region0003_cell0001_region0003_cell0001_line0002.IMG-DEWARP.png" comments="binarized,despeckled,binarized,dewarped"/>
                    <pc:Coords points="1758,1320 1758,1270 0,1272 0,1322 1419,1320"/>
                    <pc:TextEquiv conf="0.605305254459381">
                        <pc:Unicode>ſe</pc:Unicode>
                    </pc:TextEquiv>
                </pc:TextLine>
            </pc:TextRegion>
            <pc:TextRegion id="region0003_cell0002" orientation="0.293591092439641" readingDirection="left-to-right" textLineOrder="top-to-bottom">
                <pc:Coords points="1607,1281 0,1282 0,1364 1607,1362"/>
                <pc:TextLine id="region0003_cell0002_line0000">
                    <pc:AlternativeImage filename="OCR-D-SEG-LINE-RESEG-DEWARP/OCR-D-SEG-LINE-RESEG-DEWARP_p0005_region0003_cell0002_region0003_cell0002_line0000.IMG-DEWARP.png" comments="binarized,despeckled,binarized,dewarped"/>
                    <pc:Coords points="0,1282 0,1364 1607,1362 1607,1281"/>
                    <pc:TextEquiv conf="0.98781555891037">
                        <pc:Unicode>weſen,</pc:Unicode>
                    </pc:TextEquiv>
                </pc:TextLine>
            </pc:TextRegion>
        </pc:TableRegion>
    </pc:Page>
</pc:PcGts>
