<?xml version="1.0" encoding="UTF-8"?>
<pc:PcGts xmlns:pc="http://schema.primaresearch.org/PAGE/gts/pagecontent/2019-07-15" xmlns:xsi="http://www.w3.org/2001/XMLSchema-instance" xsi:schemaLocation="http://schema.primaresearch.org/PAGE/gts/pagecontent/2019-07-15 http://schema.primaresearch.org/PAGE/gts/pagecontent/2019-07-15/pagecontent.xsd" pcGtsId="CALAMARI_p0030">
    <pc:Metadata>
        <pc:Creator>OCR-D/core 2.63.0</pc:Creator>
        <pc:Created>2024-02-25T19:44:36</pc:Created>
        <pc:LastChange>2024-02-25T19:44:36</pc:LastChange>
        <pc:MetadataItem type="processingStep" name="preprocessing/optimization/binarization" value="ocrd-olena-binarize">
            <pc:Labels>
                <pc:Label value="sauvola-ms-split" type="impl"/>
                <pc:Label value="0" type="dpi"/>
                <pc:Label value="0.34" type="k"/>
                <pc:Label value="0" type="win-size"/>
            </pc:Labels>
        </pc:MetadataItem>
        <pc:MetadataItem type="processingStep" name="preprocessing/optimization/despeckling" value="ocrd-skimage-denoise">
            <pc:Labels externalModel="ocrd-tool" externalId="parameters">
                <pc:Label value="page" type="level-of-operation"/>
                <pc:Label value="0" type="dpi"/>
                <pc:Label value="0.0" type="protect"/>
                <pc:Label value="1.0" type="maxsize"/>
            </pc:Labels>
            <pc:Labels externalModel="ocrd-tool" externalId="version">
                <pc:Label value="0.1.8" type="ocrd-skimage-denoise"/>
                <pc:Label value="2.63.0" type="ocrd/core"/>
            </pc:Labels>
        </pc:MetadataItem>
        <pc:MetadataItem type="processingStep" name="preprocessing/optimization/deskewing" value="ocrd-tesserocr-deskew">
            <pc:Labels externalModel="ocrd-tool" externalId="parameters">
                <pc:Label value="page" type="operation_level"/>
                <pc:Label value="0" type="dpi"/>
                <pc:Label value="1.5" type="min_orientation_confidence"/>
            </pc:Labels>
            <pc:Labels externalModel="ocrd-tool" externalId="version">
                <pc:Label value="0.18.0 (tesseract 5.3.4)" type="ocrd-tesserocr-deskew"/>
                <pc:Label value="2.63.0" type="ocrd/core"/>
            </pc:Labels>
        </pc:MetadataItem>
        <pc:MetadataItem type="processingStep" name="layout/segmentation/region" value="ocrd-tesserocr-segment">
            <pc:Labels externalModel="ocrd-tool" externalId="parameters">
                <pc:Label value="True" type="shrink_polygons"/>
                <pc:Label value="0" type="dpi"/>
                <pc:Label value="4" type="padding"/>
                <pc:Label value="False" type="block_polygons"/>
                <pc:Label value="True" type="find_tables"/>
                <pc:Label value="False" type="find_staves"/>
                <pc:Label value="False" type="sparse_text"/>
                <pc:Label value="True" type="overwrite_segments"/>
                <pc:Label value="region" type="segmentation_level"/>
                <pc:Label value="none" type="textequiv_level"/>
                <pc:Label value="True" type="overwrite_text"/>
                <pc:Label value="False" type="raw_lines"/>
                <pc:Label value="" type="char_whitelist"/>
                <pc:Label value="" type="char_blacklist"/>
                <pc:Label value="" type="char_unblacklist"/>
                <pc:Label value="{}" type="tesseract_parameters"/>
                <pc:Label value="{}" type="xpath_parameters"/>
                <pc:Label value="{}" type="xpath_model"/>
                <pc:Label value="False" type="auto_model"/>
                <pc:Label value="DEFAULT" type="oem"/>
            </pc:Labels>
            <pc:Labels externalModel="ocrd-tool" externalId="version">
                <pc:Label value="0.18.0 (tesseract 5.3.4)" type="ocrd-tesserocr-segment"/>
                <pc:Label value="2.63.0" type="ocrd/core"/>
            </pc:Labels>
        </pc:MetadataItem>
        <pc:MetadataItem type="processingStep" name="preprocessing/optimization/dewarping" value="ocrd-cis-ocropy-dewarp">
            <pc:Labels externalModel="ocrd-tool" externalId="parameters">
                <pc:Label value="0" type="dpi"/>
                <pc:Label value="4.0" type="range"/>
                <pc:Label value="1.0" type="smoothness"/>
                <pc:Label value="0.05" type="max_neighbour"/>
            </pc:Labels>
            <pc:Labels externalModel="ocrd-tool" externalId="version">
                <pc:Label value="0.1.5" type="ocrd-cis-ocropy-dewarp"/>
                <pc:Label value="2.63.0" type="ocrd/core"/>
            </pc:Labels>
        </pc:MetadataItem>
        <pc:MetadataItem type="processingStep" name="recognition/text-recognition" value="ocrd-calamari-recognize">
            <pc:Labels externalModel="ocrd-tool" externalId="parameters">
                <pc:Label value="qurator-gt4histocr-1.0" type="checkpoint_dir"/>
                <pc:Label value="confidence_voter_default_ctc" type="voter"/>
                <pc:Label value="line" type="textequiv_level"/>
                <pc:Label value="0.001" type="glyph_conf_cutoff"/>
            </pc:Labels>
            <pc:Labels externalModel="ocrd-tool" externalId="version">
                <pc:Label value="1.0.6 (calamari 1.0.6, tensorflow 2.13.1)" type="ocrd-calamari-recognize"/>
                <pc:Label value="2.63.0" type="ocrd/core"/>
            </pc:Labels>
        </pc:MetadataItem>
    </pc:Metadata>
    <pc:Page imageFilename="OCR-D-IMG/0030.png" imageWidth="1742" imageHeight="2869" orientation="-0.028186336415018" type="content" primaryScript="Latf - Latin (Fraktur variant)" readingDirection="left-to-right" textLineOrder="top-to-bottom">
        <pc:AlternativeImage filename="OCR-D-BIN/OCR-D-BIN_p0030-BIN_sauvola-ms-split.png" comments="binarized"/>
        <pc:AlternativeImage filename="OCR-D-BIN-DENOISE/OCR-D-BIN-DENOISE_p0030.IMG-DEN.png" comments="binarized,despeckled"/>
        <pc:AlternativeImage filename="OCR-D-BIN-DENOISE-DESKEW/OCR-D-BIN-DENOISE-DESKEW_p0030.IMG-DESKEW.png" comments="binarized,despeckled,deskewed"/>
        <pc:AlternativeImage filename="OCR-D-SEG/OCR-D-SEG_p0030.IMG-BIN.png" comments="binarized,despeckled,deskewed,binarized,clipped"/>
        <pc:ReadingOrder>
            <pc:OrderedGroup id="reading-order">
                <pc:RegionRefIndexed index="0" regionRef="region0000"/>
                <pc:RegionRefIndexed index="1" regionRef="region0001"/>
                <pc:RegionRefIndexed index="2" regionRef="region0002"/>
                <pc:RegionRefIndexed index="3" regionRef="region0003"/>
            </pc:OrderedGroup>
        </pc:ReadingOrder>
        <pc:TextRegion id="region0000" orientation="-0.056372672830037" readingDirection="left-to-right" textLineOrder="top-to-bottom">
            <pc:Coords points="428,88 426,90 407,90 407,112 428,112 428,96 446,96 446,110 452,110 456,114 1015,131 1015,131 1015,148 1039,148 1039,154 1049,154 1049,155 1070,155 1070,133 1053,133 1053,125 1041,125 1039,123 1035,127 1019,127 1015,123 456,106 456,106 456,92 450,92 446,88"/>
            <pc:TextLine id="region0000_line0000">
                <pc:AlternativeImage filename="OCR-D-SEG-LINE-RESEG-DEWARP/OCR-D-SEG-LINE-RESEG-DEWARP_p0030_region0000_region0000_line0000.IMG-DEWARP.png" comments="binarized,despeckled,binarized,dewarped"/>
                <pc:Coords points="446,88 428,88 426,90 407,90 407,112 428,112 428,96 446,96 446,110 456,110 456,92 450,92"/>
                <pc:TextEquiv conf="0.">
                    <pc:Unicode></pc:Unicode>
                </pc:TextEquiv>
            </pc:TextLine>
            <pc:TextLine id="region0000_line0001">
                <pc:Coords points="1035,127 1015,127 1015,148 1039,148 1039,154 1049,154 1049,155 1070,155 1070,133 1053,133 1053,125 1041,125 1039,123"/>
                <pc:TextEquiv conf="0.">
                    <pc:Unicode></pc:Unicode>
                </pc:TextEquiv>
            </pc:TextLine>
            <pc:TextEquiv>
                <pc:Unicode>
</pc:Unicode>
            </pc:TextEquiv>
        </pc:TextRegion>
        <pc:TextRegion id="region0001" orientation="-0.056372672830037" readingDirection="left-to-right" textLineOrder="top-to-bottom">
            <pc:Coords points="625,164 621,160 619,160 615,164 591,164 591,210 587,210 587,166 545,166 543,164 539,164 535,168 512,168 508,164 504,164 502,166 474,166 470,170 433,170 433,214 431,214 431,174 404,174 404,212 400,212 400,173 372,173 368,169 364,169 364,159 306,159 306,234 364,234 364,177 368,177 368,216 396,216 400,220 404,220 404,223 431,223 431,222 433,222 437,218 474,218 474,223 504,223 504,172 508,172 508,213 539,213 539,172 543,172 543,215 584,215 587,218 591,218 595,214 619,214 619,168 621,168 621,212 662,212 662,168 664,168 664,212 704,212 707,215 709,215 713,211 750,212 750,170 754,170 754,210 787,210 787,170 791,170 791,211 830,211 830,169 834,169 834,215 870,215 870,164 897,164 897,203 924,203 924,158 951,158 951,214 1018,214 1018,169 1025,169 1025,211 1067,211 1067,169 1070,169 1070,219 1137,219 1137,215 1166,215 1166,188 1425,188 1425,223 1465,223 1465,169 1425,169 1425,180 1166,180 1162,184 1141,184 1137,180 1137,152 1070,152 1070,161 1067,161 1063,165 1029,165 1025,161 1018,161 1018,151 952,151 951,150 924,150 920,154 897,154 897,156 870,156 866,160 834,160 834,161 830,161 826,165 794,165 791,162 787,162 783,166 758,166 754,162 750,162 750,152 709,151 709,207 707,207 707,164 668,164 664,160 662,160 658,164"/>
            <pc:TextLine id="region0001_line0000">
                <pc:AlternativeImage filename="OCR-D-SEG-LINE-RESEG-DEWARP/OCR-D-SEG-LINE-RESEG-DEWARP_p0030_region0001_region0001_line0000.IMG-DEWARP.png" comments="binarized,despeckled,binarized,dewarped"/>
                <pc:Coords points="625,164 621,160 619,160 615,164 591,164 591,210 587,210 587,166 545,166 543,164 539,164 535,168 512,168 508,164 504,164 502,166 474,166 470,170 433,170 433,214 431,214 431,174 404,174 404,212 400,212 400,173 372,173 368,169 364,169 364,159 306,159 306,234 364,234 364,177 368,177 368,216 396,216 400,220 404,220 404,223 431,223 431,222 433,222 437,218 474,218 474,223 504,223 504,172 508,172 508,213 539,213 539,172 543,172 543,215 584,215 587,218 591,218 595,214 619,214 619,168 621,168 621,212 662,212 662,168 664,168 664,212 704,212 707,215 709,215 713,211 750,212 750,170 754,170 754,210 787,210 787,170 791,170 791,211 830,211 830,169 834,169 834,215 870,215 870,164 897,164 897,203 924,203 924,158 951,158 951,214 1018,214 1018,169 1025,169 1025,211 1067,211 1067,169 1070,169 1070,219 1137,219 1137,215 1166,215 1166,188 1425,188 1425,223 1465,223 1465,169 1425,169 1425,180 1166,180 1162,184 1141,184 1137,180 1137,152 1070,152 1070,161 1067,161 1063,165 1029,165 1025,161 1018,161 1018,151 952,151 951,150 924,150 920,154 897,154 897,156 870,156 866,160 834,160 834,161 830,161 826,165 794,165 791,162 787,162 783,166 758,166 754,162 750,162 750,152 709,151 709,207 707,207 707,164 668,164 664,160 662,160 658,164"/>
                <pc:TextEquiv conf="0.944630861282349">
                    <pc:Unicode>Prrnzenraubes I Buch 7</pc:Unicode>
                </pc:TextEquiv>
            </pc:TextLine>
            <pc:TextEquiv>
                <pc:Unicode>Prrnzenraubes I Buch 7</pc:Unicode>
            </pc:TextEquiv>
        </pc:TextRegion>
        <pc:TextRegion id="region0002" orientation="-0.056372672830037" readingDirection="left-to-right" textLineOrder="top-to-bottom">
            <pc:Coords points="144,376 124,376 123,362 105,359 101,363 89,359 85,363 62,359 23,361 23,420 71,420 71,400 89,400 89,421 143,422 147,426 151,422 177,422 177,363 170,344 170,315 191,311 191,357 229,357 229,342 241,338 241,358 273,359 269,369 267,362 234,362 230,374 206,374 206,421 234,421 234,432 256,432 260,446 219,451 215,460 197,461 197,452 185,452 185,462 173,458 156,462 154,534 124,534 120,530 141,530 141,450 104,450 100,460 76,461 76,446 27,448 27,509 59,510 72,506 92,510 104,506 104,526 100,531 35,531 35,597 146,593 146,603 171,603 171,547 158,547 162,527 180,527 180,516 191,516 195,507 260,505 264,509 268,505 283,505 283,515 258,515 258,608 262,608 252,610 247,607 247,543 212,541 208,545 183,545 183,591 212,591 205,599 205,621 189,621 189,627 175,623 164,627 160,614 148,614 137,621 108,621 104,631 95,631 91,627 81,628 81,616 33,616 33,679 141,675 141,625 156,625 153,672 194,676 198,672 207,675 211,671 264,668 264,678 316,678 316,607 344,607 344,582 360,582 360,537 337,534 333,538 313,538 313,519 292,519 296,515 321,515 321,501 374,501 377,520 370,520 370,585 416,585 416,592 449,592 449,579 499,579 501,555 501,597 487,601 487,675 539,680 539,725 527,729 524,701 491,701 491,688 468,684 464,688 435,687 427,691 423,687 428,665 474,666 474,617 446,614 442,618 424,618 424,661 419,672 411,672 411,619 379,619 375,615 351,618 347,614 343,618 328,618 328,678 351,678 351,667 375,667 375,678 406,678 406,689 356,689 356,714 347,718 347,737 356,737 356,760 468,760 468,692 470,749 524,750 524,740 534,740 534,733 539,733 539,756 523,763 504,761 491,768 401,771 401,778 390,782 388,773 345,773 341,752 332,751 332,706 300,706 296,702 292,706 277,706 277,699 197,695 197,707 181,711 180,700 166,700 162,696 158,700 144,700 140,715 133,711 127,715 123,711 104,714 104,703 34,703 34,767 104,767 104,761 142,762 142,735 144,765 167,765 167,758 197,758 197,765 230,765 230,703 244,703 244,755 326,753 329,763 337,763 337,773 331,788 228,788 224,792 201,792 201,781 181,781 181,795 155,795 139,791 139,787 105,787 101,799 89,796 85,800 78,798 78,785 34,789 34,850 66,852 78,845 139,844 139,799 151,799 151,853 185,853 189,841 228,839 228,850 259,850 259,861 244,865 240,879 226,879 226,868 176,868 172,873 149,873 149,927 139,927 139,885 116,885 116,872 33,874 33,937 100,937 104,932 149,935 153,931 226,930 226,926 249,925 259,925 259,938 351,935 351,876 314,873 307,877 307,857 267,857 263,846 263,795 273,795 273,838 308,841 312,837 335,837 335,859 388,859 388,794 396,794 396,786 401,786 401,821 395,825 395,837 401,837 403,869 399,873 369,873 369,930 467,932 467,941 495,941 495,920 522,920 522,934 616,930 616,862 522,857 518,872 495,872 495,864 467,864 463,873 444,873 444,859 469,859 469,833 495,833 495,852 518,852 518,847 531,844 578,844 578,833 631,833 631,786 609,786 605,782 601,786 594,782 578,785 578,762 591,762 591,748 623,747 623,720 626,756 648,756 648,716 623,712 623,687 607,687 603,683 599,687 591,687 596,682 619,682 619,662 630,662 630,651 619,647 619,631 593,631 593,679 588,684 547,684 543,676 547,663 585,664 585,607 559,607 555,614 521,615 521,602 546,602 546,598 554,598 554,578 577,578 577,586 619,586 619,514 577,514 573,529 554,526 546,530 546,516 553,510 557,494 607,491 607,487 612,487 612,477 607,477 607,443 582,442 582,429 600,429 600,365 611,380 611,431 629,436 624,437 624,511 675,511 675,493 688,489 688,513 676,513 676,527 668,527 668,512 633,512 633,587 651,587 651,600 679,600 679,579 683,575 720,574 720,599 703,599 703,612 677,612 673,608 642,611 642,660 706,664 710,660 738,661 738,621 746,617 749,600 749,661 926,657 926,669 958,669 959,680 963,682 963,748 1012,748 1008,764 992,764 992,758 970,758 970,753 960,753 960,765 948,765 944,778 921,778 914,758 901,758 901,769 911,769 918,781 918,795 914,799 903,795 903,780 874,777 862,781 862,758 847,758 845,815 845,769 840,769 840,764 830,764 832,782 805,782 804,766 826,766 826,745 930,747 930,694 876,691 872,695 853,692 849,696 826,697 826,683 803,683 799,697 783,697 783,746 803,746 799,760 768,760 768,697 735,697 735,684 701,683 697,697 671,697 671,739 661,743 661,756 701,759 701,764 689,764 689,784 661,780 643,783 643,840 630,844 630,854 671,847 689,847 689,854 703,854 703,842 708,841 726,842 726,848 709,847 709,864 705,868 680,868 680,903 654,899 654,887 630,887 630,927 654,927 654,907 668,907 668,924 709,919 709,932 776,928 777,939 787,939 787,930 797,930 797,940 843,944 843,926 871,926 871,914 894,914 894,865 871,865 871,858 843,858 843,853 835,853 835,847 845,843 845,834 847,849 862,849 862,845 903,847 903,803 908,803 908,809 918,809 918,825 912,825 912,836 952,831 952,826 1013,827 1013,767 1056,763 1056,768 1028,768 1028,847 1024,857 1018,857 1018,851 999,851 999,865 982,865 982,849 909,849 909,930 976,930 976,935 1003,935 1003,917 1013,913 1013,937 1041,937 1041,912 1059,912 1056,934 1070,934 1070,921 1063,908 1063,864 1041,864 1041,857 1032,857 1032,851 1108,848 1108,826 1116,826 1116,846 1152,846 1152,842 1161,842 1164,859 1153,863 1153,849 1127,849 1127,864 1110,864 1110,850 1080,850 1080,923 1104,923 1104,939 1132,939 1136,932 1153,930 1201,933 1201,925 1222,925 1222,910 1240,910 1240,931 1267,931 1267,899 1270,933 1289,933 1289,886 1267,887 1267,845 1287,844 1295,844 1295,882 1291,886 1295,930 1379,930 1375,910 1384,907 1382,844 1395,844 1395,777 1372,777 1372,769 1350,766 1354,762 1377,762 1377,745 1392,745 1392,720 1394,730 1402,730 1398,800 1408,803 1408,840 1423,840 1466,880 1466,912 1477,912 1477,881 1495,880 1495,909 1507,909 1507,878 1545,856 1554,856 1554,844 1542,844 1542,853 1504,875 1501,870 1491,870 1469,877 1426,837 1426,799 1415,799 1415,761 1419,757 1454,758 1454,742 1458,738 1480,738 1480,729 1481,739 1477,743 1479,754 1497,756 1497,728 1506,728 1506,707 1497,705 1497,700 1480,699 1480,676 1424,678 1420,674 1415,678 1411,654 1401,654 1401,664 1407,664 1407,678 1402,678 1402,712 1398,716 1392,707 1377,707 1377,675 1332,675 1328,692 1306,692 1300,688 1283,691 1283,676 1223,676 1223,695 1219,699 1210,699 1210,684 1180,684 1172,680 1145,681 1141,692 1127,692 1127,679 1110,679 1106,675 966,679 965,668 961,666 961,595 929,594 953,594 957,585 1008,587 1008,572 1039,572 1041,499 1041,506 1051,506 1051,588 1047,599 1038,599 1038,609 1010,609 1006,605 1002,609 972,609 972,656 1039,657 1043,661 1047,657 1074,657 1074,599 1055,599 1055,592 1086,592 1086,658 1254,655 1254,663 1320,664 1343,661 1343,624 1324,624 1320,620 1320,591 1290,590 1335,586 1335,612 1352,612 1352,588 1356,584 1369,586 1369,625 1390,625 1390,586 1394,586 1394,576 1410,576 1410,587 1449,587 1452,526 1452,579 1475,579 1476,583 1492,588 1492,660 1524,663 1524,647 1506,647 1506,585 1495,585 1494,581 1478,576 1481,516 1472,477 1473,411 1487,411 1492,444 1507,444 1507,432 1496,432 1498,407 1471,403 1471,392 1467,392 1467,354 1494,320 1502,320 1502,309 1491,309 1491,317 1464,351 1448,347 1448,342 1437,342 1437,349 1427,351 1430,319 1418,319 1415,323 1392,317 1392,304 1377,304 1377,321 1413,328 1413,409 1390,432 1377,426 1377,415 1363,415 1363,428 1350,432 1350,446 1362,446 1362,436 1363,444 1377,444 1377,434 1382,444 1393,444 1393,435 1416,412 1426,412 1426,361 1433,361 1441,353 1453,355 1453,404 1460,404 1460,413 1467,413 1467,433 1457,433 1450,465 1457,465 1457,481 1468,481 1468,493 1452,493 1451,511 1410,508 1395,512 1394,505 1358,505 1358,517 1351,521 1351,494 1379,486 1379,475 1369,475 1369,483 1350,487 1348,491 1312,491 1312,512 1286,512 1286,586 1282,590 1254,590 1250,607 1235,607 1235,597 1212,597 1216,582 1212,578 1215,511 1205,511 1205,515 1162,516 1158,526 1148,522 1136,525 1136,511 1118,511 1118,502 1067,502 1067,487 1149,487 1149,498 1197,498 1197,504 1224,504 1224,486 1257,486 1257,493 1238,493 1238,521 1223,521 1223,568 1218,572 1218,590 1246,588 1250,584 1283,584 1283,496 1291,495 1291,445 1306,445 1306,413 1284,409 1272,412 1272,418 1220,414 1220,436 1216,440 1201,440 1200,425 1149,425 1142,440 1129,440 1129,435 1106,435 1106,426 1073,426 1066,442 1028,438 1028,425 992,425 992,439 969,439 969,427 1034,419 1034,409 1039,409 1039,397 1034,397 1034,350 1012,350 1012,344 984,344 980,358 953,356 942,360 942,345 926,344 1015,342 1015,336 1103,339 1103,323 1147,321 1147,341 1182,341 1183,332 1183,339 1205,339 1209,352 1205,356 1150,358 1149,343 1112,343 1108,358 1058,359 1058,423 1094,423 1094,408 1098,404 1112,404 1112,416 1149,416 1149,405 1237,402 1237,376 1238,410 1262,410 1262,372 1242,372 1237,368 1236,338 1256,336 1257,330 1261,331 1261,339 1275,339 1275,322 1276,338 1299,338 1299,332 1307,332 1307,321 1308,336 1341,335 1341,320 1327,316 1327,276 1308,276 1308,313 1303,317 1295,313 1269,318 1269,308 1257,308 1257,320 1252,317 1248,321 1248,317 1232,313 1221,315 1221,280 1209,280 1209,264 1191,264 1191,258 1170,258 1166,265 1147,262 1139,266 1139,276 1114,273 1110,277 1103,277 1103,260 1018,260 1018,315 1007,319 1006,328 1004,274 972,274 968,270 964,274 950,274 949,263 915,263 915,269 906,273 899,270 895,274 868,274 867,246 844,246 844,321 900,322 900,285 910,285 910,277 915,277 915,320 906,324 910,341 922,349 922,404 931,404 931,414 945,414 947,506 999,508 996,524 996,510 947,510 947,523 929,523 929,514 894,514 894,532 882,539 882,550 894,548 894,587 881,584 881,514 841,514 841,521 830,525 830,514 809,513 806,526 775,526 775,582 765,585 764,591 764,518 793,514 793,488 842,489 842,509 879,509 879,487 934,488 934,440 879,438 879,415 894,415 894,339 858,339 858,345 827,344 827,336 834,336 834,326 827,325 827,252 791,252 791,270 779,270 779,262 755,258 740,261 736,274 710,273 710,320 698,324 701,342 714,342 714,330 709,330 714,324 745,325 745,321 770,324 770,332 766,336 750,336 750,344 715,343 711,357 697,357 695,272 659,269 655,273 635,273 635,261 616,261 612,257 545,260 545,336 612,336 612,346 659,344 662,428 671,428 671,437 637,437 633,432 635,376 615,376 611,361 602,357 486,363 486,352 427,352 423,367 411,366 411,352 447,348 451,338 466,338 466,327 475,327 475,337 510,337 514,325 534,325 534,276 480,277 480,264 461,264 457,278 399,284 399,271 344,271 345,420 411,420 411,416 427,416 427,431 421,435 421,508 461,508 465,495 481,495 481,504 506,504 506,447 496,447 496,434 508,434 508,414 512,410 534,410 534,423 561,423 550,424 550,444 519,444 519,510 542,512 501,512 501,527 497,531 481,532 477,528 473,532 449,532 449,519 410,516 410,450 414,450 414,438 377,442 373,454 346,452 342,456 332,452 321,456 321,443 288,443 288,432 299,432 299,421 322,421 322,372 299,372 299,359 326,359 326,259 262,263 262,285 258,289 244,288 244,273 224,273 224,278 177,276 177,307 170,307 170,289 159,289 159,273 116,273 112,288 91,288 89,276 22,276 22,319 5,319 0,323 0,334 5,334 5,327 22,327 22,340 143,337 143,348 166,348 166,363 144,363"/>
            <pc:TextLine id="region0002_line0000">
                <pc:AlternativeImage filename="OCR-D-SEG-LINE-RESEG-DEWARP/OCR-D-SEG-LINE-RESEG-DEWARP_p0030_region0002_region0002_line0000.IMG-DEWARP.png" comments="binarized,despeckled,binarized,dewarped"/>
                <pc:Coords points="344,275 345,349 392,349 392,352 420,351 420,348 447,348 447,342 451,338 466,338 466,327 475,327 475,337 510,337 510,325 530,325 534,329 545,329 545,336 612,336 612,346 635,344 695,345 695,328 699,327 701,342 714,342 714,330 709,330 709,328 714,324 745,325 745,321 755,321 770,324 770,345 827,344 827,336 834,336 834,329 836,330 846,325 847,321 900,322 900,285 910,285 910,277 915,277 915,320 906,324 908,326 908,333 910,333 910,341 915,341 915,344 972,343 972,341 1015,342 1015,336 1103,339 1103,323 1117,321 1147,321 1147,341 1182,341 1183,332 1183,339 1209,339 1209,332 1217,332 1217,343 1233,343 1233,338 1256,336 1257,330 1261,331 1261,339 1275,339 1275,322 1276,338 1299,338 1299,332 1307,332 1307,321 1308,336 1341,335 1341,324 1377,324 1380,321 1390,321 1392,323 1411,323 1415,327 1418,324 1418,331 1429,331 1430,323 1485,328 1494,320 1502,320 1502,309 1491,309 1491,317 1487,322 1486,320 1430,315 1426,319 1418,319 1417,321 1415,319 1412,322 1392,317 1392,304 1377,304 1377,316 1341,316 1337,320 1331,320 1327,316 1327,276 1308,276 1308,313 1303,317 1299,317 1295,313 1292,316 1279,316 1269,318 1269,308 1257,308 1257,320 1248,321 1248,317 1236,317 1232,313 1230,315 1221,315 1221,280 1209,280 1209,264 1191,264 1191,258 1170,258 1170,265 1150,265 1147,262 1143,266 1139,266 1139,276 1117,276 1114,273 1110,277 1103,277 1103,260 1018,260 1018,315 1014,319 1007,319 1006,328 1004,326 1004,274 972,274 968,270 964,274 950,274 949,263 915,263 915,269 906,273 902,273 899,270 895,274 868,274 867,246 844,246 844,318 842,317 832,322 831,326 827,325 827,252 791,252 791,270 779,270 779,262 762,262 758,261 755,258 752,261 740,261 740,274 710,273 710,320 708,320 705,324 702,324 698,320 695,320 695,272 662,272 659,269 655,273 635,273 635,261 616,261 612,257 609,260 545,260 545,321 534,321 534,276 480,277 480,264 461,264 461,274 457,278 443,279 443,281 428,281 414,282 412,284 399,284 399,271 348,271 344,267 326,267 326,259 294,261 292,263 262,263 262,285 258,289 244,288 244,273 224,273 224,278 198,278 177,276 177,303 170,303 170,289 159,289 159,273 116,273 116,284 112,288 91,288 89,286 89,276 22,276 22,319 5,319 0,323 0,334 5,334 5,327 22,327 22,340 89,338 89,336 143,337 143,348 170,348 170,311 191,311 191,357 229,357 229,338 241,338 241,358 326,359 326,275"/>
                <pc:TextEquiv conf="0.964161336421967">
                    <pc:Unicode>Doch dieſer Trozige ſchlug ales in den Wind,</pc:Unicode>
                </pc:TextEquiv>
            </pc:TextLine>
            <pc:TextLine id="region0002_line0001">
                <pc:AlternativeImage filename="OCR-D-SEG-LINE-RESEG-DEWARP/OCR-D-SEG-LINE-RESEG-DEWARP_p0030_region0002_region0002_line0001.IMG-DEWARP.png" comments="binarized,despeckled,binarized,dewarped"/>
                <pc:Coords points="105,421 105,421 113,421 113,421 120,421 120,422 143,422 145,424 143,425 137,449 138,450 104,450 104,456 100,460 84,461 84,461 76,461 76,446 50,447 50,448 27,448 27,509 58,509 59,510 63,506 72,506 77,507 89,507 92,510 96,506 104,506 104,526 104,530 120,530 141,530 141,470 156,470 156,470 156,527 162,527 180,527 180,516 191,516 191,511 195,507 210,507 212,505 219,505 219,506 244,505 244,505 260,505 264,505 268,505 283,505 283,515 296,515 321,515 321,501 332,501 337,501 346,501 349,501 374,501 374,502 377,502 377,520 410,520 410,516 410,454 410,450 414,450 414,446 421,446 421,508 461,508 461,495 465,495 481,495 481,504 506,504 506,447 496,447 496,434 508,434 508,414 508,410 512,410 534,410 534,423 561,423 564,423 564,424 550,424 550,444 519,444 519,510 553,510 553,498 557,494 582,492 582,491 607,491 607,487 612,487 612,477 607,477 607,443 583,443 582,442 582,433 582,429 586,429 600,429 600,365 602,365 602,368 605,372 607,372 607,375 611,380 611,431 620,431 620,434 629,436 629,437 624,437 624,511 675,511 675,493 679,489 688,489 688,513 688,514 716,514 716,504 724,504 724,446 717,446 716,445 716,433 693,433 693,428 697,428 697,405 715,405 715,416 725,416 725,513 793,514 793,488 814,488 814,488 842,489 842,509 879,509 879,487 898,487 898,487 934,488 934,444 934,444 934,444 946,444 946,444 947,444 947,506 964,506 964,507 999,508 1000,508 1000,501 1004,497 1022,497 1028,497 1041,497 1041,499 1041,506 1051,506 1067,506 1067,502 1067,487 1073,487 1106,487 1125,487 1129,487 1149,487 1149,498 1197,498 1197,504 1224,504 1224,490 1224,486 1228,486 1257,486 1257,493 1257,499 1282,499 1283,498 1283,496 1285,496 1286,495 1291,495 1291,445 1306,445 1306,436 1350,436 1350,446 1359,446 1358,447 1365,476 1369,478 1369,483 1369,486 1379,486 1379,475 1372,475 1373,474 1366,445 1364,444 1377,444 1377,434 1379,434 1379,438 1380,440 1382,440 1382,444 1393,444 1393,435 1416,412 1426,412 1426,361 1433,361 1433,357 1437,357 1441,353 1446,353 1447,354 1453,355 1453,404 1460,404 1460,413 1467,413 1467,433 1457,433 1457,447 1453,451 1450,465 1457,465 1457,481 1468,481 1472,481 1472,477 1472,436 1473,435 1473,411 1487,411 1488,417 1494,417 1494,432 1492,432 1492,444 1507,444 1507,432 1502,432 1496,432 1498,407 1491,407 1490,406 1471,403 1471,392 1467,392 1467,354 1467,351 1464,351 1457,351 1455,349 1448,347 1448,342 1437,342 1437,349 1432,350 1431,351 1427,351 1426,350 1426,324 1413,324 1413,328 1413,409 1390,432 1389,432 1389,432 1386,430 1384,430 1383,429 1377,426 1377,415 1363,415 1363,428 1362,428 1358,432 1354,432 1350,428 1306,428 1306,413 1291,413 1291,412 1287,412 1284,409 1281,412 1272,412 1272,418 1261,418 1260,417 1220,414 1220,436 1220,440 1216,440 1201,440 1200,439 1200,425 1149,425 1149,430 1145,434 1145,434 1142,440 1129,440 1129,435 1106,435 1106,426 1098,426 1094,426 1094,423 1094,419 1094,408 1098,404 1112,404 1112,416 1149,416 1149,405 1180,404 1180,402 1209,402 1210,403 1216,403 1217,402 1237,402 1237,376 1238,376 1238,410 1262,410 1262,372 1242,372 1237,368 1236,339 1209,339 1209,352 1209,356 1205,356 1175,357 1174,358 1150,358 1149,357 1149,343 1112,343 1112,354 1108,358 1090,358 1090,359 1058,359 1058,423 1086,423 1086,426 1073,426 1073,432 1069,436 1069,436 1066,442 1045,442 1045,440 1028,438 1028,425 992,425 992,439 969,439 969,427 992,424 994,422 1010,422 1012,422 1012,419 1034,419 1034,409 1039,409 1039,397 1034,397 1034,350 1012,350 1012,344 984,344 984,358 980,358 955,358 953,356 949,360 942,360 942,345 922,345 922,349 922,404 931,404 931,414 945,414 945,418 946,419 946,423 947,423 947,436 946,436 945,436 934,436 930,440 930,440 930,440 903,440 903,439 901,439 901,439 895,439 895,439 880,439 879,438 879,419 879,415 883,415 894,415 894,339 858,339 858,345 848,345 848,345 827,344 813,344 813,354 809,358 784,358 784,336 766,336 750,336 750,340 750,344 746,344 746,344 715,343 715,353 711,357 697,357 697,345 662,345 662,428 671,428 671,437 637,437 633,432 633,431 633,431 635,376 615,376 614,371 611,368 611,361 606,361 602,357 600,357 598,359 566,359 566,359 562,359 560,361 537,361 536,360 531,361 530,362 505,362 498,362 497,363 486,363 486,352 427,352 427,363 423,367 412,367 411,366 411,352 411,345 345,345 345,420 411,420 411,416 427,416 427,431 427,435 422,435 422,435 421,435 421,438 414,438 405,439 405,442 377,442 377,450 373,454 348,454 346,452 342,456 337,456 336,456 332,452 328,456 321,456 321,443 288,443 288,436 288,432 292,432 299,432 299,421 322,421 322,372 299,372 299,359 299,355 273,355 273,359 273,365 269,369 267,369 267,362 234,362 234,370 230,374 206,374 206,421 234,421 234,432 256,432 260,432 260,442 259,443 260,446 236,449 234,451 219,451 219,456 215,460 198,461 198,461 197,461 197,452 185,452 185,460 185,462 180,462 177,462 173,458 169,462 160,462 159,461 156,462 156,462 156,462 141,462 141,458 141,453 145,451 151,427 149,424 151,422 177,422 177,363 166,363 144,363 144,376 124,376 123,375 123,362 105,362 105,363 101,363 93,363 89,359 85,363 71,363 71,361 64,361 62,359 60,361 23,361 23,420 67,420 71,420 71,416 71,400 89,400 89,421"/>
                <pc:TextEquiv conf="0.289950758218765">
                    <pc:Unicode>deeedteeeeXe Xe.—</pc:Unicode>
                </pc:TextEquiv>
            </pc:TextLine>
            <pc:TextLine id="region0002_line0002">
                <pc:AlternativeImage filename="OCR-D-SEG-LINE-RESEG-DEWARP/OCR-D-SEG-LINE-RESEG-DEWARP_p0030_region0002_region0002_line0002.IMG-DEWARP.png" comments="binarized,despeckled,binarized,dewarped"/>
                <pc:Coords points="633,515 633,587 651,587 651,600 679,600 679,575 697,574 720,574 720,599 764,600 765,592 769,599 812,600 812,596 830,596 830,572 841,572 841,591 872,591 872,599 885,599 885,585 881,584 881,554 892,546 894,597 953,594 953,585 1008,587 1008,572 1039,572 1041,499 1041,506 1051,506 1051,592 1118,592 1118,572 1155,570 1162,570 1162,588 1212,589 1212,576 1218,576 1218,590 1246,587 1246,584 1283,584 1283,516 1286,516 1286,590 1351,584 1394,586 1394,576 1410,576 1410,587 1449,587 1449,526 1452,526 1452,579 1478,579 1478,526 1481,516 1478,516 1476,493 1452,493 1451,511 1410,508 1406,512 1395,512 1394,505 1358,505 1358,517 1354,521 1351,521 1351,491 1312,491 1312,512 1290,512 1283,508 1283,493 1238,493 1238,521 1223,521 1223,568 1220,570 1212,568 1212,525 1215,511 1205,511 1205,515 1162,516 1162,522 1158,526 1148,522 1145,525 1136,525 1136,511 1118,511 1118,502 1055,502 1051,498 1039,498 1039,495 999,495 999,521 996,524 996,510 947,510 947,523 929,523 929,514 894,514 894,532 882,539 882,546 881,514 841,514 841,521 837,525 830,525 830,514 809,514 806,526 775,526 775,582 765,586 764,518 772,517 772,508 762,508 758,512 723,511 720,508 716,512 695,512 692,509 688,513 676,513 676,527 668,527 668,512 638,512 634,507 631,510 622,508 616,514 577,514 577,525 573,529 554,530 546,530 546,512 501,512 501,527 497,531 483,532 477,528 473,532 449,532 449,519 419,519 416,516 412,520 370,520 370,537 340,537 337,534 333,538 313,538 313,519 292,519 292,515 258,515 258,543 212,541 208,545 171,543 167,547 158,547 158,534 124,534 120,530 117,533 35,531 35,597 146,593 146,603 171,603 171,551 183,551 183,591 212,591 212,609 247,609 247,551 258,551 258,608 292,608 292,586 309,586 309,607 344,607 344,582 360,582 360,545 370,545 370,585 416,585 416,592 449,592 449,579 499,579 501,553 501,602 546,602 546,598 554,598 554,578 577,578 577,586 619,586 619,517 627,511"/>
                <pc:TextEquiv conf="0.978094160556793">
                    <pc:Unicode>Sich an dem Churfurſt ſelbſt und deſſen Blut, zu raͤchen;</pc:Unicode>
                </pc:TextEquiv>
            </pc:TextLine>
            <pc:TextLine id="region0002_line0003">
                <pc:AlternativeImage filename="OCR-D-SEG-LINE-RESEG-DEWARP/OCR-D-SEG-LINE-RESEG-DEWARP_p0030_region0002_region0002_line0003.IMG-DEWARP.png" comments="binarized,despeckled,binarized,dewarped"/>
                <pc:Coords points="487,675 508,675 508,677 539,680 543,680 543,676 543,667 547,663 559,663 559,663 581,664 581,664 585,668 593,668 593,679 593,682 596,682 619,682 619,662 628,662 630,662 630,660 642,660 646,660 646,660 673,660 673,661 706,661 706,660 710,660 710,660 738,661 738,621 738,617 746,617 746,599 749,599 749,600 749,661 830,659 830,658 853,658 863,658 879,658 879,657 906,657 909,657 926,657 926,669 958,669 961,669 961,666 961,660 972,660 976,656 1006,656 1006,657 1039,657 1043,661 1047,657 1070,657 1074,661 1086,661 1089,658 1161,657 1161,655 1177,655 1178,655 1179,656 1185,656 1186,655 1201,655 1212,655 1231,655 1235,655 1254,655 1254,663 1286,663 1286,663 1320,664 1320,661 1343,661 1343,628 1347,624 1347,612 1352,612 1352,588 1352,584 1356,584 1369,584 1369,586 1369,625 1387,625 1386,626 1397,655 1401,657 1401,664 1407,664 1409,664 1409,664 1413,668 1492,664 1496,660 1496,660 1496,660 1501,660 1501,661 1524,663 1524,647 1506,647 1506,585 1495,585 1492,585 1492,588 1492,656 1492,656 1492,656 1412,660 1412,660 1411,656 1411,656 1411,654 1404,654 1405,653 1394,624 1390,622 1390,586 1390,580 1373,580 1369,576 1352,576 1350,578 1335,578 1335,586 1335,612 1339,612 1339,624 1324,624 1320,620 1320,591 1290,591 1290,590 1289,590 1286,587 1283,590 1282,590 1254,590 1254,603 1250,607 1235,607 1235,597 1212,597 1212,582 1177,582 1177,608 1161,608 1161,588 1086,588 1086,592 1086,595 1086,603 1086,653 1074,653 1074,603 1074,599 1070,599 1055,599 1047,599 1038,599 1038,609 1010,609 1006,605 1002,609 976,609 972,609 972,613 972,652 961,652 961,613 961,605 961,595 926,595 926,597 922,601 910,601 909,600 909,587 894,587 873,587 873,606 869,610 863,610 857,610 853,606 849,610 829,610 826,607 822,611 802,611 802,591 764,591 749,591 746,591 742,595 732,595 732,596 728,600 703,599 703,608 703,612 699,612 677,612 676,611 673,608 670,611 642,611 642,652 630,652 630,651 623,651 619,647 619,631 597,631 593,631 593,635 593,660 585,660 585,635 585,627 585,607 559,607 559,610 555,614 535,615 535,615 521,615 521,602 521,601 487,601 487,613 487,617 474,617 470,617 470,617 449,617 446,614 442,618 424,618 424,661 419,672 411,672 411,619 379,619 378,618 375,615 372,618 351,618 347,614 343,618 332,618 328,618 328,622 328,674 316,674 316,622 316,614 316,607 316,601 264,601 264,606 262,608 260,610 256,610 252,610 247,607 244,610 238,610 237,609 237,599 205,599 205,621 189,621 189,627 179,627 175,623 171,627 164,627 163,624 160,621 160,614 148,614 148,617 143,617 137,621 108,621 108,627 104,631 95,631 92,628 91,627 90,628 81,628 81,616 33,616 33,679 81,677 81,675 95,675 95,674 108,674 108,675 141,675 141,625 148,625 156,625 156,627 156,627 153,672 175,672 175,673 191,673 194,676 198,672 204,672 207,675 211,671 256,668 256,668 264,668 264,678 312,678 316,682 328,682 332,678 351,678 351,667 375,667 375,678 406,678 406,689 406,696 423,696 423,687 423,676 426,674 428,665 446,665 446,665 474,666 474,625 487,625"/>
                <pc:TextEquiv conf="0.994521498680115">
                    <pc:Unicode>Und endlich zog er fort, voll Unmuth und Verdruß,</pc:Unicode>
                </pc:TextEquiv>
            </pc:TextLine>
            <pc:TextLine id="region0002_line0004">
                <pc:AlternativeImage filename="OCR-D-SEG-LINE-RESEG-DEWARP/OCR-D-SEG-LINE-RESEG-DEWARP_p0030_region0002_region0002_line0004.IMG-DEWARP.png" comments="binarized,despeckled,binarized,dewarped"/>
                <pc:Coords points="347,718 347,737 356,737 356,756 356,757 355,756 342,759 342,756 341,756 341,752 333,752 332,751 332,706 300,706 296,702 292,706 277,706 277,699 248,699 246,697 197,695 197,707 193,711 181,711 180,710 180,700 167,700 166,700 162,696 158,700 144,700 144,711 140,715 137,715 133,711 129,715 127,715 126,714 123,711 120,714 104,714 104,703 34,703 34,767 104,767 104,761 123,761 123,762 142,762 142,735 144,735 144,765 167,765 167,758 177,758 180,758 197,758 197,765 230,765 230,703 244,703 244,755 277,754 277,753 296,753 300,753 326,753 329,756 329,763 337,763 339,763 339,763 344,766 357,764 359,760 360,760 408,760 408,758 429,758 429,760 435,760 437,760 445,760 468,760 468,692 470,692 470,749 487,749 487,749 524,750 524,740 534,740 534,733 539,733 539,756 539,762 578,762 591,762 591,748 606,748 606,747 623,747 623,720 626,720 626,756 644,756 648,760 661,760 665,756 671,756 671,757 701,759 701,764 701,770 735,771 735,770 768,770 768,760 768,750 783,750 787,746 803,746 803,766 804,766 826,766 826,745 841,745 841,744 853,744 855,744 857,746 861,746 863,744 876,744 876,746 927,747 929,751 959,757 960,756 960,765 970,765 970,758 970,757 970,753 967,753 967,748 974,748 1012,748 1012,766 1024,766 1045,764 1045,763 1056,763 1072,763 1072,755 1110,755 1110,747 1127,747 1127,739 1145,739 1145,753 1180,753 1180,737 1203,737 1203,762 1227,762 1227,749 1283,749 1283,748 1306,748 1306,737 1332,737 1332,762 1354,762 1377,762 1377,745 1392,745 1392,720 1394,720 1394,730 1402,730 1402,757 1419,757 1420,757 1420,757 1454,758 1454,742 1454,738 1458,738 1480,738 1480,729 1481,729 1481,739 1477,743 1479,745 1479,754 1481,754 1481,754 1497,756 1497,728 1506,728 1506,707 1502,707 1502,706 1497,705 1497,700 1483,700 1482,699 1480,699 1480,676 1440,677 1439,678 1429,678 1424,678 1420,674 1416,678 1415,678 1407,678 1402,678 1402,712 1398,716 1394,712 1392,712 1392,707 1377,707 1377,675 1332,675 1332,688 1328,692 1306,692 1304,691 1303,691 1300,688 1297,691 1283,691 1283,676 1223,676 1223,695 1219,699 1210,699 1210,684 1180,684 1174,681 1173,681 1172,680 1171,681 1145,681 1145,688 1141,692 1127,692 1127,679 1110,679 1108,677 1106,675 1104,677 1059,677 1058,676 1056,676 1053,679 1045,679 1043,679 1041,677 1037,677 1035,679 1017,679 1016,679 1015,678 1009,678 1008,679 966,679 963,679 963,682 963,744 959,748 959,749 931,743 930,744 930,694 879,694 876,691 872,695 853,695 853,696 849,696 829,697 829,697 826,697 826,683 803,683 803,693 799,697 787,697 783,697 783,701 783,742 768,742 768,701 768,697 764,697 735,697 735,684 701,683 701,693 697,697 671,697 671,739 667,743 665,743 664,742 661,743 661,747 661,752 648,752 648,747 648,739 648,716 630,716 627,713 623,712 623,687 607,687 603,683 599,687 591,687 591,684 588,684 587,684 585,684 547,684 539,684 539,725 532,728 530,729 527,729 524,726 524,701 491,701 491,688 474,688 470,684 468,684 464,688 436,688 435,687 431,691 427,691 409,691 408,690 408,689 407,689 406,688 406,689 403,689 356,689 356,714 352,718"/>
                <pc:TextEquiv conf="0.976594567298889">
                    <pc:Unicode>Verließ den Hof in Eil, ohn einem Abſchieds Gruß,</pc:Unicode>
                </pc:TextEquiv>
            </pc:TextLine>
            <pc:TextLine id="region0002_line0005">
                <pc:AlternativeImage filename="OCR-D-SEG-LINE-RESEG-DEWARP/OCR-D-SEG-LINE-RESEG-DEWARP_p0030_region0002_region0002_line0005.IMG-DEWARP.png" comments="binarized,despeckled,binarized,dewarped"/>
                <pc:Coords points="273,799 273,834 273,838 277,838 277,838 305,838 308,841 312,837 335,837 335,859 388,859 388,794 396,794 396,786 401,786 401,821 397,825 395,825 395,837 401,837 402,859 403,859 403,869 399,873 369,873 369,930 403,930 403,931 418,931 435,931 435,931 467,932 467,941 495,941 495,920 522,920 522,934 565,932 565,930 616,930 616,862 565,862 565,859 522,857 522,868 518,872 495,872 495,864 467,864 467,869 463,873 444,873 444,859 469,859 469,837 469,833 473,833 495,833 495,852 518,852 518,847 527,845 527,844 531,844 578,844 578,833 601,833 601,832 605,832 605,833 627,833 628,833 627,834 630,844 630,844 630,847 630,854 647,851 648,850 653,850 671,847 689,847 689,854 703,854 703,842 708,841 712,841 712,841 726,842 726,848 709,847 709,864 705,868 680,868 680,903 672,903 671,902 654,899 654,887 630,887 630,927 654,927 654,907 668,907 668,924 684,922 687,919 709,919 709,932 776,928 776,918 779,918 779,927 777,927 777,939 787,939 787,934 787,930 791,930 797,930 797,940 818,940 818,942 843,944 843,926 871,926 871,914 894,914 894,865 871,865 871,858 843,858 843,853 835,853 835,847 839,843 845,843 845,834 847,834 847,849 862,849 862,845 874,845 874,846 900,847 902,851 908,853 909,852 909,930 976,930 976,935 1003,935 1003,917 1007,913 1013,913 1013,937 1041,937 1041,912 1059,912 1059,921 1058,921 1056,934 1070,934 1070,921 1067,921 1067,915 1063,908 1063,864 1041,864 1041,857 1032,857 1032,851 1066,850 1066,848 1108,848 1108,826 1116,826 1116,846 1152,846 1152,842 1161,842 1164,842 1164,859 1160,863 1153,863 1153,849 1127,849 1127,864 1110,864 1110,850 1080,850 1080,923 1104,923 1104,939 1132,939 1132,936 1136,932 1153,930 1164,930 1164,931 1201,933 1201,925 1222,925 1222,910 1240,910 1240,931 1267,931 1267,899 1270,899 1270,933 1289,933 1289,886 1267,887 1267,849 1267,845 1287,844 1291,844 1295,844 1295,882 1291,886 1292,898 1295,898 1295,930 1314,930 1366,930 1379,930 1377,918 1375,918 1375,910 1382,908 1382,907 1384,907 1384,897 1382,897 1382,844 1395,844 1395,804 1398,804 1401,801 1402,800 1405,800 1408,803 1408,840 1423,840 1466,880 1466,912 1477,912 1477,884 1477,881 1495,880 1495,909 1507,909 1507,878 1545,856 1554,856 1554,844 1542,844 1542,853 1504,875 1501,875 1501,870 1491,870 1491,875 1491,876 1477,876 1476,877 1469,877 1426,837 1426,799 1415,799 1415,761 1415,749 1401,749 1398,796 1398,796 1395,796 1395,777 1372,777 1372,769 1350,769 1350,766 1350,749 1314,749 1314,750 1283,750 1283,776 1255,776 1254,776 1250,772 1246,776 1225,776 1222,776 1218,772 1214,776 1203,776 1203,751 1175,751 1175,775 1152,775 1152,760 1116,760 1112,764 1108,764 1108,755 1056,755 1056,763 1056,764 1056,768 1052,768 1028,768 1028,847 1024,857 1018,857 1018,851 999,851 999,865 982,865 982,849 912,849 910,845 904,843 903,844 903,803 908,803 908,809 918,809 918,825 912,825 912,836 925,834 928,831 952,831 952,830 952,826 956,826 956,826 965,826 965,826 1013,827 1013,767 1013,764 1008,764 992,764 992,758 970,758 965,758 965,761 961,765 960,765 948,765 948,778 944,778 921,778 917,767 914,766 914,758 901,758 901,769 911,769 918,781 918,795 914,799 912,799 911,798 903,795 903,780 877,780 874,777 870,781 862,781 862,758 847,758 847,813 845,815 845,769 840,769 840,764 830,764 831,774 832,774 832,782 805,782 804,781 804,766 804,760 799,760 768,760 752,760 752,813 748,817 740,817 740,833 752,833 752,845 742,845 741,844 740,845 739,845 739,820 730,820 730,766 705,765 705,820 703,820 703,764 701,764 689,764 689,784 671,784 671,783 664,783 661,780 658,783 643,783 643,840 643,844 637,844 638,842 635,832 631,830 631,829 631,786 615,786 609,786 605,782 601,786 599,785 597,785 594,782 591,785 578,785 578,762 578,760 530,760 523,763 519,763 519,763 506,763 504,761 500,765 497,765 491,768 466,769 466,771 401,771 401,778 393,781 392,782 390,782 388,780 388,773 345,773 337,773 335,778 335,784 331,788 305,788 305,789 273,789 273,791 263,791 231,791 228,788 224,792 201,792 201,781 181,781 181,795 155,795 139,791 139,787 105,787 105,799 101,799 89,799 89,800 85,800 80,800 78,798 78,785 53,787 51,789 34,789 34,850 66,850 66,848 73,848 78,845 97,845 98,844 105,844 106,845 113,844 113,844 139,844 139,799 151,799 151,853 185,853 185,845 189,841 201,840 201,839 228,839 228,850 259,850 259,857 259,861 255,865 244,865 244,879 240,879 226,879 226,868 176,868 176,873 172,873 149,873 149,927 139,927 139,885 116,885 116,872 97,872 97,874 33,874 33,937 100,937 100,936 104,932 111,932 116,932 136,932 138,934 149,935 153,931 191,930 191,930 226,930 226,926 249,925 253,925 259,925 259,938 307,936 307,934 314,934 314,935 351,935 351,876 317,876 314,873 310,877 307,877 307,857 267,857 263,846 263,842 263,834 263,799"/>
                <pc:TextEquiv conf="0.390283852815628">
                    <pc:Unicode>ee</pc:Unicode>
                </pc:TextEquiv>
            </pc:TextLine>
            <pc:TextEquiv>
                <pc:Unicode>Doch dieſer Trozige ſchlug ales in den Wind,
deeedteeeeXe Xe.—
Sich an dem Churfurſt ſelbſt und deſſen Blut, zu raͤchen;
Und endlich zog er fort, voll Unmuth und Verdruß,
Verließ den Hof in Eil, ohn einem Abſchieds Gruß,
ee</pc:Unicode>
            </pc:TextEquiv>
        </pc:TextRegion>
        <pc:TextRegion id="region0003" orientation="-0.056372672830037" readingDirection="left-to-right" textLineOrder="top-to-bottom">
            <pc:Coords points="88,959 38,959 38,1011 12,1011 8,1015 0,1015 0,1027 11,1027 11,1019 37,1019 37,1028 95,1028 95,1017 107,1017 110,1017 127,1017 130,1017 134,1021 138,1017 157,1017 158,957 161,957 161,1016 191,1016 191,1014 214,1014 213,1031 246,1031 246,1035 249,1038 245,1042 235,1042 232,1039 228,1043 213,1043 213,1046 209,1050 199,1050 197,1048 193,1052 188,1052 188,1039 156,1039 156,1041 145,1041 141,1045 109,1045 109,1053 105,1057 84,1057 84,1046 37,1046 37,1097 8,1097 4,1101 0,1101 0,1111 8,1111 8,1105 37,1105 37,1108 84,1108 84,1104 109,1104 109,1105 145,1105 145,1049 156,1049 156,1113 188,1113 188,1100 197,1100 197,1110 220,1110 220,1100 241,1100 241,1072 249,1072 249,1088 262,1088 262,1048 270,1048 270,1040 273,1040 273,1096 298,1096 301,1099 305,1095 329,1095 329,1033 337,1033 337,1095 376,1095 376,1094 406,1094 406,1092 428,1092 428,1102 454,1102 454,1048 466,1048 466,1089 501,1089 507,1089 512,1089 522,1089 533,1089 533,1091 568,1091 568,1046 581,1046 581,1090 613,1090 613,1091 643,1091 643,1112 682,1112 681,1113 697,1211 701,1213 701,1220 686,1220 686,1212 658,1212 658,1215 643,1215 643,1220 626,1220 626,1221 609,1221 609,1260 618,1260 620,1262 620,1308 597,1308 597,1311 593,1315 583,1315 580,1312 576,1316 573,1316 573,1309 590,1309 590,1305 613,1305 613,1268 587,1268 586,1267 597,1267 597,1248 600,1248 600,1238 597,1238 597,1213 572,1213 572,1219 568,1223 554,1223 552,1223 548,1219 544,1223 530,1223 528,1221 524,1225 513,1225 510,1222 506,1226 494,1226 494,1219 468,1219 468,1265 490,1265 494,1265 510,1265 516,1265 536,1265 536,1263 541,1263 545,1267 541,1271 530,1271 528,1269 524,1273 517,1273 517,1272 514,1272 511,1269 508,1272 478,1272 478,1310 481,1310 485,1314 485,1353 483,1353 483,1359 479,1363 476,1363 476,1354 469,1354 469,1332 451,1332 451,1350 447,1354 451,1358 451,1407 459,1407 463,1411 463,1442 460,1442 460,1436 449,1436 449,1404 430,1404 433,1401 442,1401 442,1364 432,1364 428,1364 424,1360 420,1364 419,1364 419,1357 423,1357 436,1357 436,1356 446,1356 446,1325 453,1325 453,1312 452,1312 452,1310 470,1310 470,1268 446,1268 442,1272 429,1272 428,1271 424,1275 416,1275 416,1271 412,1267 431,1267 431,1264 434,1264 443,1264 453,1264 453,1226 443,1226 443,1225 437,1225 434,1222 431,1225 427,1225 425,1223 421,1227 412,1227 412,1219 382,1219 382,1229 370,1229 370,1217 338,1217 334,1221 325,1221 325,1230 313,1230 313,1229 310,1229 307,1226 304,1229 289,1229 289,1220 261,1220 261,1222 227,1222 227,1270 253,1270 256,1273 252,1277 248,1277 244,1273 240,1277 234,1277 234,1279 225,1279 225,1270 220,1270 218,1270 214,1266 213,1267 213,1233 171,1233 167,1237 157,1237 156,1236 156,1230 129,1230 129,1275 131,1275 135,1279 135,1315 128,1315 128,1311 121,1311 117,1307 86,1307 83,1310 74,1310 74,1323 86,1323 86,1315 117,1315 117,1323 128,1323 135,1323 139,1319 157,1319 161,1323 161,1325 157,1329 140,1329 140,1362 138,1364 138,1366 142,1370 142,1403 157,1403 165,1403 182,1403 182,1373 187,1373 187,1401 214,1401 214,1369 191,1369 187,1365 182,1365 181,1366 165,1366 161,1366 159,1364 166,1364 166,1362 178,1362 182,1362 201,1362 201,1361 213,1361 215,1361 219,1365 219,1400 259,1400 259,1361 229,1361 229,1359 240,1359 240,1324 229,1324 229,1323 225,1323 222,1320 220,1322 220,1316 237,1316 239,1318 243,1314 244,1314 252,1314 256,1314 256,1315 273,1315 275,1317 275,1319 271,1323 256,1323 256,1358 275,1358 275,1359 290,1359 290,1361 266,1361 266,1399 303,1399 303,1361 298,1361 298,1359 318,1359 318,1325 322,1321 331,1321 335,1325 335,1358 344,1358 344,1360 352,1360 354,1362 350,1366 319,1366 319,1403 356,1403 356,1402 366,1402 371,1402 374,1402 374,1411 368,1411 368,1410 351,1410 351,1448 349,1448 345,1444 345,1434 335,1434 335,1412 323,1412 323,1411 320,1411 317,1408 314,1411 308,1411 305,1408 301,1412 293,1412 292,1411 292,1404 266,1404 266,1408 262,1412 250,1412 250,1413 228,1413 228,1414 211,1414 211,1416 195,1416 195,1407 147,1407 147,1449 118,1449 114,1453 106,1453 106,1459 11,1459 0,1459 0,1498 7,1498 7,1501 0,1501 0,1509 0,1514 4,1514 4,1519 17,1519 17,1509 11,1509 11,1505 15,1501 15,1498 11,1494 11,1467 106,1467 110,1463 118,1463 118,1457 147,1457 149,1455 150,1457 150,1495 149,1496 150,1497 150,1505 153,1505 153,1538 149,1542 152,1545 152,1595 184,1595 184,1603 150,1603 150,1645 133,1645 133,1606 107,1606 106,1605 102,1609 91,1609 91,1608 87,1608 84,1605 81,1608 62,1608 62,1661 91,1661 91,1649 106,1649 106,1660 133,1660 133,1653 150,1653 154,1649 197,1649 197,1647 201,1651 197,1655 191,1655 188,1652 184,1656 179,1656 179,1658 154,1658 154,1694 180,1694 183,1697 187,1693 195,1693 195,1692 201,1692 201,1698 204,1698 206,1700 204,1702 196,1702 195,1702 191,1698 187,1702 153,1702 153,1735 131,1735 131,1731 114,1731 114,1740 128,1740 131,1743 153,1743 157,1739 196,1739 196,1738 214,1738 214,1736 218,1736 218,1737 223,1737 225,1739 225,1780 239,1780 244,1780 266,1780 272,1780 295,1780 298,1783 298,1820 283,1820 283,1788 260,1788 260,1785 256,1785 255,1784 254,1785 227,1785 227,1790 208,1790 208,1783 209,1783 209,1747 181,1747 181,1748 158,1748 158,1779 156,1781 158,1783 158,1790 160,1790 160,1829 208,1829 208,1828 210,1828 212,1830 212,1832 208,1836 194,1836 192,1836 188,1832 184,1836 159,1836 159,1872 194,1872 194,1871 216,1871 216,1870 240,1870 240,1871 263,1871 263,1836 250,1836 250,1834 260,1834 260,1824 279,1824 279,1874 296,1874 296,1875 322,1875 322,1868 334,1868 334,1867 364,1867 364,1866 386,1866 386,1865 409,1865 409,1830 381,1830 378,1827 374,1831 364,1831 362,1831 358,1827 354,1831 348,1831 344,1827 344,1814 331,1814 331,1822 322,1822 322,1779 346,1779 347,1780 347,1823 376,1823 376,1822 383,1822 388,1822 410,1822 410,1827 424,1827 424,1868 483,1868 483,1863 505,1863 505,1864 521,1864 521,1870 556,1870 556,1860 580,1860 580,1876 567,1876 567,1921 563,1917 563,1886 552,1886 548,1886 544,1882 540,1886 540,1877 522,1877 522,1919 518,1923 518,1887 508,1887 505,1887 501,1883 497,1887 496,1887 496,1884 493,1884 492,1883 491,1884 473,1884 469,1888 461,1888 459,1888 455,1884 451,1888 439,1888 439,1884 435,1884 402,1884 402,1927 399,1924 399,1891 389,1891 389,1890 385,1890 382,1887 379,1890 377,1890 377,1887 374,1887 373,1886 372,1887 354,1887 354,1892 318,1892 318,1893 315,1893 315,1883 301,1883 301,1881 294,1881 292,1879 290,1881 275,1881 271,1885 234,1885 234,1928 233,1927 233,1896 213,1896 212,1895 212,1887 197,1887 195,1885 191,1889 154,1889 153,1888 135,1888 131,1892 131,1874 139,1874 139,1863 127,1863 127,1870 123,1874 123,1892 108,1892 108,1902 104,1906 96,1906 96,1893 69,1893 69,1948 96,1948 96,1935 108,1935 108,1947 135,1947 135,1896 153,1896 153,1935 199,1935 199,1932 209,1932 212,1932 217,1932 220,1935 220,1938 216,1942 204,1942 200,1938 196,1942 184,1942 181,1939 177,1943 159,1943 159,1976 155,1980 159,1984 159,1985 159,2029 168,2029 165,2032 161,2032 161,2069 160,2070 161,2071 161,2076 164,2076 164,2116 158,2116 158,2172 161,2172 161,2205 183,2205 186,2205 195,2205 195,2209 220,2209 216,2213 204,2213 201,2210 197,2214 194,2214 192,2214 188,2210 184,2214 162,2214 162,2251 194,2251 194,2250 199,2250 201,2252 201,2256 197,2260 185,2260 185,2252 158,2252 92,2252 92,2251 82,2251 82,2252 78,2256 82,2260 82,2262 81,2262 5,2272 2,2276 0,2276 0,2323 5,2323 5,2309 3,2309 3,2307 6,2307 6,2280 7,2280 83,2270 86,2266 92,2266 92,2263 92,2260 158,2260 158,2296 181,2296 185,2296 201,2296 201,2303 208,2303 209,2304 208,2305 179,2305 178,2304 178,2297 160,2297 160,2344 178,2344 178,2343 179,2343 179,2344 180,2345 179,2346 158,2346 158,2386 199,2386 199,2383 203,2383 203,2393 209,2393 209,2400 184,2400 182,2398 178,2402 159,2402 159,2434 186,2434 186,2432 213,2432 213,2429 222,2429 222,2414 213,2414 213,2404 217,2400 217,2393 229,2393 229,2389 232,2389 232,2428 246,2428 246,2435 242,2439 242,2446 244,2448 244,2458 228,2458 228,2448 210,2448 209,2447 205,2451 168,2451 168,2498 200,2498 204,2502 204,2506 197,2506 192,2506 181,2506 181,2507 161,2507 157,2503 149,2503 149,2452 122,2452 120,2450 116,2454 67,2454 67,2508 120,2508 120,2509 147,2509 149,2511 157,2511 157,2540 154,2543 155,2545 154,2546 150,2542 139,2542 136,2545 131,2545 127,2541 114,2541 111,2544 107,2544 103,2540 97,2540 97,2532 83,2532 83,2551 97,2551 97,2548 103,2548 103,2554 114,2554 114,2549 127,2549 127,2557 139,2557 139,2550 150,2550 150,2558 158,2558 158,2599 203,2599 203,2594 228,2594 228,2590 239,2590 239,2588 268,2588 268,2587 294,2587 294,2586 304,2586 313,2586 326,2586 326,2584 343,2584 343,2592 378,2592 378,2543 343,2543 339,2547 331,2547 323,2547 321,2545 336,2545 336,2537 349,2537 349,2536 355,2536 355,2538 376,2538 376,2534 382,2534 382,2538 383,2538 387,2542 387,2548 390,2548 390,2588 413,2588 413,2537 406,2537 406,2536 416,2536 416,2540 420,2544 420,2551 430,2551 430,2540 424,2540 424,2536 432,2536 435,2539 435,2546 442,2546 442,2578 479,2578 479,2577 490,2577 494,2577 512,2577 512,2576 533,2576 533,2542 536,2542 536,2528 542,2528 542,2529 555,2529 558,2532 562,2528 575,2528 575,2529 594,2529 594,2528 598,2532 598,2534 594,2538 590,2538 586,2534 582,2538 566,2538 562,2534 558,2538 540,2538 540,2575 562,2575 562,2577 590,2577 590,2575 598,2575 598,2583 627,2583 627,2547 628,2547 628,2593 644,2593 644,2584 646,2584 649,2587 653,2583 671,2583 671,2577 685,2577 685,2574 700,2574 703,2574 723,2574 723,2545 727,2542 739,2542 739,2574 767,2574 767,2572 773,2572 773,2573 789,2573 789,2535 792,2535 792,2525 801,2525 801,2484 805,2484 805,2478 820,2478 823,2481 825,2478 828,2481 828,2483 824,2487 806,2487 806,2524 816,2524 819,2527 819,2572 845,2572 845,2571 861,2571 861,2574 887,2574 887,2549 894,2549 894,2539 887,2539 887,2530 864,2530 861,2527 857,2531 845,2531 845,2524 852,2524 852,2523 867,2523 867,2529 888,2529 888,2522 895,2522 895,2484 888,2484 882,2484 878,2480 874,2484 869,2484 867,2482 863,2486 853,2486 852,2485 852,2482 855,2482 859,2478 881,2478 881,2476 896,2476 900,2480 900,2544 904,2544 904,2580 943,2580 944,2581 948,2577 950,2577 960,2577 988,2577 988,2570 1002,2570 1002,2571 1031,2571 1031,2573 1057,2573 1057,2568 1077,2568 1077,2576 1109,2576 1109,2534 1113,2530 1110,2527 1110,2525 1114,2521 1142,2521 1142,2526 1134,2526 1134,2569 1161,2569 1161,2565 1175,2565 1175,2570 1188,2570 1200,2570 1229,2570 1229,2562 1245,2562 1245,2565 1262,2565 1262,2564 1281,2564 1281,2563 1301,2563 1301,2561 1316,2561 1316,2563 1332,2563 1332,2560 1344,2560 1344,2536 1353,2536 1353,2533 1358,2533 1358,2535 1361,2538 1361,2564 1372,2564 1372,2581 1395,2581 1395,2534 1402,2534 1402,2529 1405,2529 1405,2535 1401,2539 1397,2539 1397,2549 1405,2549 1405,2556 1410,2556 1410,2558 1401,2558 1401,2570 1414,2570 1414,2562 1418,2558 1418,2556 1427,2556 1431,2556 1452,2556 1452,2555 1454,2555 1454,2562 1475,2562 1475,2554 1494,2554 1494,2552 1506,2552 1506,2554 1517,2554 1517,2550 1527,2550 1531,2546 1538,2546 1538,2539 1540,2539 1540,2529 1530,2529 1530,2531 1526,2535 1527,2536 1527,2542 1517,2542 1516,2543 1513,2543 1513,2528 1517,2524 1515,2522 1515,2513 1511,2513 1511,2486 1520,2486 1520,2476 1516,2476 1516,2474 1519,2474 1523,2478 1533,2478 1533,2487 1553,2487 1553,2474 1537,2474 1533,2470 1523,2470 1523,2436 1516,2436 1516,2427 1491,2427 1491,2422 1479,2422 1479,2419 1444,2419 1444,2429 1420,2429 1420,2430 1409,2430 1409,2421 1380,2421 1380,2431 1363,2431 1363,2432 1345,2432 1345,2470 1369,2470 1369,2476 1365,2480 1360,2480 1360,2498 1369,2498 1369,2521 1368,2522 1369,2523 1369,2529 1372,2529 1372,2531 1368,2535 1366,2535 1366,2533 1362,2529 1362,2505 1354,2505 1354,2478 1335,2478 1335,2474 1342,2474 1342,2428 1310,2428 1310,2433 1292,2433 1292,2434 1256,2434 1256,2435 1254,2435 1254,2429 1232,2429 1232,2424 1199,2424 1199,2435 1180,2435 1180,2434 1175,2434 1172,2431 1169,2434 1160,2434 1160,2426 1118,2426 1118,2432 1116,2432 1112,2436 1106,2436 1106,2435 1101,2435 1098,2432 1095,2435 1090,2435 1089,2434 1085,2438 1072,2438 1072,2436 1070,2436 1068,2434 1066,2436 1045,2436 1045,2475 1068,2475 1072,2475 1092,2475 1092,2474 1098,2474 1098,2475 1116,2475 1116,2440 1118,2440 1118,2477 1154,2477 1154,2479 1180,2479 1181,2480 1181,2518 1175,2518 1175,2523 1171,2527 1168,2527 1168,2510 1176,2510 1176,2500 1168,2500 1168,2482 1147,2482 1146,2482 1142,2478 1138,2482 1105,2482 1105,2483 1091,2483 1088,2480 1084,2484 1083,2484 1079,2484 1075,2480 1071,2484 1068,2484 1064,2480 1060,2484 1046,2484 1043,2481 1039,2485 1029,2485 1029,2484 1037,2484 1037,2470 1033,2470 1033,2436 1013,2436 1013,2438 1006,2438 1006,2437 995,2437 991,2433 987,2437 971,2437 971,2429 930,2429 930,2472 926,2476 915,2476 915,2475 926,2475 926,2437 915,2437 915,2436 912,2436 909,2433 906,2436 899,2436 899,2439 881,2439 881,2437 879,2437 877,2435 875,2437 855,2437 855,2474 852,2474 849,2477 846,2477 846,2439 834,2439 834,2438 818,2438 818,2440 805,2440 805,2439 803,2439 800,2436 797,2439 785,2439 785,2441 779,2441 779,2440 768,2440 768,2428 741,2428 741,2443 727,2443 727,2435 725,2434 725,2420 721,2416 721,2409 711,2409 711,2420 717,2420 717,2434 685,2434 685,2482 703,2482 704,2483 704,2536 703,2536 700,2533 696,2537 686,2537 685,2536 685,2491 673,2491 672,2491 672,2482 683,2482 683,2444 672,2444 669,2444 665,2440 661,2444 655,2444 655,2446 644,2446 644,2435 613,2435 593,2435 589,2431 585,2435 573,2435 573,2447 567,2447 563,2447 559,2443 555,2447 543,2447 543,2446 542,2446 539,2443 537,2445 537,2435 522,2435 522,2433 514,2433 512,2431 510,2433 496,2433 496,2434 492,2438 456,2438 456,2472 453,2475 452,2473 452,2447 442,2447 438,2447 434,2443 430,2447 428,2447 425,2444 421,2448 411,2448 410,2447 410,2440 384,2440 384,2487 407,2487 410,2487 428,2487 428,2486 434,2486 442,2486 451,2486 452,2486 456,2486 456,2499 462,2499 462,2539 447,2539 447,2535 444,2535 444,2496 404,2496 402,2494 398,2498 386,2498 386,2496 384,2496 382,2494 380,2496 376,2496 375,2496 375,2491 379,2491 379,2479 375,2479 375,2439 362,2439 362,2436 358,2432 358,2431 365,2431 369,2427 376,2427 376,2417 365,2417 365,2423 358,2423 355,2426 348,2426 348,2436 354,2436 354,2439 346,2439 346,2446 342,2450 329,2450 327,2448 323,2452 309,2452 305,2448 305,2446 276,2446 276,2452 272,2456 269,2456 269,2446 250,2446 250,2439 273,2439 275,2441 279,2437 300,2437 300,2425 313,2425 313,2410 301,2410 300,2409 300,2396 272,2396 272,2397 260,2397 260,2385 236,2385 232,2381 233,2381 242,2381 250,2381 250,2380 266,2380 270,2380 280,2380 280,2365 270,2365 270,2352 249,2352 246,2349 242,2353 233,2353 233,2354 229,2354 229,2353 228,2353 225,2350 222,2353 211,2353 211,2344 187,2344 187,2343 212,2343 212,2347 238,2347 238,2340 250,2340 254,2340 274,2340 274,2339 287,2339 287,2338 294,2338 298,2342 298,2358 304,2358 304,2377 329,2377 329,2354 337,2354 337,2340 338,2340 338,2376 376,2376 376,2340 378,2340 378,2375 401,2375 401,2338 403,2338 403,2386 403,2387 407,2391 407,2398 418,2398 418,2387 411,2387 411,2386 433,2386 436,2389 440,2385 467,2385 467,2333 434,2333 434,2334 407,2334 403,2330 401,2330 397,2334 380,2334 378,2332 376,2332 372,2336 351,2336 352,2335 356,2335 368,2335 368,2297 356,2297 352,2293 348,2297 340,2297 340,2298 322,2298 322,2299 318,2299 318,2294 341,2294 341,2285 353,2285 353,2269 342,2269 341,2268 345,2268 345,2255 341,2255 341,2247 344,2244 379,2244 379,2250 358,2250 358,2289 380,2289 384,2293 384,2328 426,2328 428,2328 439,2328 439,2312 430,2312 428,2310 428,2289 407,2289 409,2287 411,2287 411,2288 428,2288 428,2251 417,2251 417,2249 424,2249 424,2241 434,2241 434,2242 460,2242 460,2200 439,2200 439,2195 451,2195 451,2197 474,2197 479,2197 495,2197 495,2201 491,2205 480,2205 476,2201 474,2203 465,2203 465,2215 476,2215 476,2239 473,2243 470,2240 469,2240 465,2244 438,2244 438,2271 434,2275 434,2287 445,2287 445,2283 469,2283 469,2248 470,2248 470,2287 469,2288 446,2288 446,2291 442,2295 436,2295 436,2307 446,2307 446,2327 473,2327 479,2327 488,2327 488,2329 484,2333 469,2333 469,2374 503,2374 503,2341 504,2341 504,2373 541,2373 541,2337 545,2337 545,2378 543,2377 537,2380 536,2384 527,2384 527,2395 539,2395 539,2387 541,2388 547,2385 548,2381 551,2381 555,2385 555,2392 566,2392 566,2381 567,2381 567,2333 549,2333 545,2329 541,2329 537,2333 526,2333 526,2326 539,2326 539,2288 520,2288 520,2292 516,2296 495,2296 495,2289 495,2288 495,2247 499,2247 499,2281 510,2281 510,2282 536,2282 536,2243 534,2243 534,2240 551,2240 554,2240 576,2240 576,2242 575,2242 575,2277 574,2277 574,2243 540,2243 540,2303 562,2303 562,2327 598,2327 598,2292 600,2292 600,2326 627,2326 627,2317 640,2317 640,2291 643,2291 643,2321 639,2325 639,2329 640,2330 639,2331 632,2331 629,2328 625,2332 594,2332 594,2372 598,2372 598,2378 602,2382 602,2395 615,2395 615,2378 606,2378 606,2372 629,2372 629,2386 638,2386 640,2388 640,2394 650,2394 650,2386 651,2386 651,2372 684,2372 684,2329 647,2329 647,2325 686,2325 686,2286 646,2286 643,2283 640,2283 636,2287 622,2287 619,2284 615,2288 604,2288 600,2284 598,2284 594,2288 574,2288 574,2285 575,2285 579,2281 612,2281 612,2280 647,2280 647,2240 613,2240 612,2239 622,2239 622,2238 634,2238 640,2238 652,2238 652,2239 648,2239 648,2279 690,2279 690,2258 700,2258 700,2246 693,2246 690,2243 690,2239 660,2239 660,2238 668,2238 668,2237 679,2237 679,2200 668,2200 666,2200 662,2196 658,2200 654,2200 652,2198 648,2202 640,2202 640,2200 642,2198 638,2194 638,2192 650,2192 650,2193 676,2193 676,2192 694,2192 694,2190 713,2190 713,2152 690,2152 689,2151 685,2155 676,2155 676,2150 677,2150 677,2145 699,2145 699,2151 716,2151 716,2195 735,2196 735,2191 738,2194 738,2235 714,2234 714,2212 694,2212 694,2241 702,2241 702,2282 721,2282 720,2283 689,2283 689,2324 723,2324 724,2324 727,2325 727,2331 698,2330 698,2385 718,2385 719,2386 719,2393 730,2394 730,2386 731,2386 731,2371 750,2371 750,2340 731,2340 731,2335 735,2331 735,2325 747,2325 747,2290 748,2291 748,2301 751,2301 751,2324 774,2324 774,2288 794,2288 794,2325 790,2329 767,2329 767,2384 807,2384 807,2369 817,2369 817,2370 836,2370 836,2379 860,2379 860,2366 867,2366 867,2376 888,2376 888,2367 911,2367 911,2366 934,2366 934,2365 941,2365 947,2365 965,2365 965,2373 990,2373 990,2335 970,2335 969,2335 965,2331 961,2335 947,2335 947,2325 934,2325 933,2325 929,2321 925,2325 905,2325 905,2332 901,2336 888,2336 888,2334 884,2334 882,2332 880,2334 873,2334 873,2328 853,2328 850,2331 850,2321 867,2321 882,2321 891,2321 891,2320 904,2320 909,2320 925,2320 925,2319 934,2319 934,2304 925,2304 925,2288 909,2288 909,2285 905,2285 904,2284 903,2285 886,2285 886,2286 882,2290 882,2287 883,2287 883,2280 898,2280 902,2280 911,2280 918,2280 935,2280 938,2283 938,2319 956,2319 960,2319 971,2319 971,2304 960,2304 960,2279 951,2279 951,2241 953,2241 953,2240 958,2240 958,2278 1000,2278 1000,2279 1024,2279 1024,2278 1041,2278 1041,2287 1064,2287 1064,2283 1077,2283 1077,2237 1071,2237 1071,2224 1064,2224 1064,2190 1043,2190 1043,2162 1032,2162 1032,2141 1054,2141 1054,2102 1029,2102 1026,2099 1022,2103 1012,2103 1012,2095 1038,2095 1044,2095 1062,2095 1065,2098 1067,2098 1067,2123 1063,2127 1063,2138 1067,2138 1067,2141 1088,2141 1086,2143 1066,2143 1066,2144 1062,2148 1060,2148 1057,2145 1057,2143 1037,2143 1037,2159 1056,2159 1056,2186 1066,2186 1075,2186 1090,2186 1090,2187 1075,2187 1075,2233 1085,2233 1087,2235 1087,2280 1102,2280 1102,2288 1120,2288 1121,2289 1098,2289 1098,2287 1094,2287 1092,2285 1090,2287 1072,2287 1072,2332 1084,2332 1080,2336 1068,2336 1068,2328 1067,2328 1067,2304 1057,2304 1057,2289 1034,2289 1030,2285 1026,2289 1014,2289 1011,2286 1007,2290 991,2290 987,2286 985,2286 985,2283 973,2283 973,2294 985,2294 987,2294 987,2330 1004,2330 1004,2366 1044,2366 1044,2367 1063,2367 1063,2368 1058,2368 1058,2381 1069,2381 1073,2377 1090,2377 1090,2375 1108,2375 1110,2375 1114,2379 1118,2375 1128,2375 1128,2377 1150,2377 1153,2380 1157,2376 1209,2376 1209,2356 1212,2356 1212,2346 1209,2346 1209,2324 1197,2324 1197,2323 1193,2319 1193,2298 1197,2294 1204,2294 1204,2279 1210,2279 1210,2319 1243,2319 1243,2318 1255,2318 1255,2303 1244,2303 1243,2302 1243,2282 1247,2278 1249,2281 1249,2290 1264,2290 1264,2277 1259,2277 1259,2248 1261,2248 1261,2272 1290,2272 1291,2272 1287,2276 1268,2276 1268,2322 1263,2322 1263,2330 1259,2334 1249,2334 1249,2323 1225,2323 1225,2365 1244,2365 1249,2365 1263,2365 1263,2366 1261,2366 1257,2370 1249,2370 1248,2369 1244,2373 1234,2373 1234,2392 1249,2392 1249,2386 1256,2386 1256,2389 1268,2389 1268,2378 1261,2378 1261,2374 1263,2374 1267,2370 1288,2370 1285,2373 1270,2373 1270,2402 1266,2406 1264,2406 1264,2417 1275,2417 1275,2411 1292,2411 1292,2410 1306,2410 1306,2398 1310,2394 1323,2394 1323,2368 1313,2368 1313,2367 1307,2367 1304,2364 1317,2364 1317,2324 1304,2324 1304,2322 1300,2322 1297,2319 1317,2319 1317,2318 1328,2318 1328,2321 1329,2322 1328,2323 1321,2323 1321,2330 1320,2331 1321,2332 1321,2336 1324,2336 1324,2345 1332,2345 1332,2363 1373,2363 1373,2362 1393,2362 1393,2361 1403,2361 1403,2346 1393,2346 1393,2319 1380,2319 1383,2316 1391,2316 1394,2319 1398,2315 1401,2315 1401,2316 1407,2316 1410,2319 1410,2331 1415,2331 1419,2335 1419,2338 1415,2342 1416,2343 1416,2354 1419,2354 1419,2371 1428,2371 1428,2382 1424,2386 1415,2386 1415,2401 1428,2401 1428,2410 1440,2410 1440,2371 1448,2371 1448,2359 1462,2359 1462,2370 1486,2370 1486,2371 1479,2371 1479,2399 1500,2399 1500,2388 1515,2388 1515,2382 1521,2382 1521,2374 1532,2374 1532,2377 1544,2377 1544,2368 1545,2369 1580,2356 1582,2352 1589,2352 1589,2340 1579,2340 1579,2349 1578,2348 1543,2361 1541,2365 1532,2365 1532,2366 1521,2366 1517,2370 1515,2370 1515,2368 1510,2368 1508,2366 1506,2368 1495,2368 1494,2367 1493,2368 1490,2366 1490,2359 1502,2359 1502,2332 1505,2332 1505,2325 1506,2326 1537,2318 1539,2314 1547,2314 1547,2303 1536,2303 1536,2311 1535,2310 1504,2318 1502,2322 1498,2322 1495,2319 1491,2323 1486,2323 1485,2322 1481,2326 1475,2326 1475,2325 1471,2321 1471,2313 1484,2313 1489,2313 1499,2313 1499,2298 1489,2298 1489,2284 1471,2284 1471,2274 1433,2274 1433,2325 1462,2325 1458,2329 1445,2329 1443,2327 1439,2331 1424,2331 1424,2316 1428,2316 1428,2271 1433,2271 1433,2269 1448,2269 1451,2272 1455,2268 1464,2268 1464,2267 1484,2267 1484,2268 1505,2268 1505,2243 1510,2243 1510,2233 1505,2233 1504,2233 1500,2229 1496,2233 1488,2233 1487,2232 1487,2229 1484,2229 1464,2229 1462,2227 1475,2227 1475,2225 1490,2225 1490,2224 1504,2224 1504,2201 1511,2201 1512,2202 1532,2202 1532,2209 1544,2209 1544,2198 1536,2198 1532,2194 1512,2194 1512,2190 1495,2190 1494,2189 1490,2193 1490,2191 1483,2191 1482,2190 1482,2178 1501,2178 1501,2154 1520,2153 1524,2149 1530,2149 1530,2138 1520,2138 1520,2145 1501,2146 1497,2150 1483,2150 1482,2149 1479,2146 1476,2149 1473,2149 1473,2144 1489,2144 1489,2133 1500,2133 1500,2105 1489,2105 1489,2092 1481,2092 1481,2091 1500,2091 1500,2060 1520,2060 1524,2056 1531,2056 1531,2050 1535,2046 1535,2029 1535,2018 1522,2018 1522,2029 1527,2029 1527,2046 1520,2046 1520,2052 1500,2052 1500,2050 1481,2050 1481,2045 1498,2045 1498,2003 1499,2003 1499,1990 1495,1990 1495,1963 1483,1963 1481,1963 1477,1959 1473,1963 1469,1963 1466,1960 1462,1964 1454,1964 1454,1959 1436,1959 1436,1955 1452,1955 1456,1955 1478,1955 1478,1952 1482,1952 1485,1955 1485,1962 1501,1962 1501,1951 1495,1951 1495,1924 1478,1924 1478,1919 1456,1919 1456,1910 1449,1910 1449,1909 1455,1909 1463,1909 1471,1909 1471,1911 1495,1911 1495,1895 1501,1895 1501,1878 1495,1878 1495,1874 1506,1874 1506,1864 1499,1864 1499,1849 1511,1849 1511,1830 1486,1830 1486,1849 1491,1849 1491,1864 1493,1866 1491,1869 1475,1869 1474,1868 1474,1862 1455,1862 1455,1869 1451,1873 1449,1873 1449,1872 1443,1872 1440,1869 1437,1872 1416,1872 1416,1910 1426,1910 1430,1914 1430,1951 1426,1955 1418,1955 1418,1932 1398,1932 1398,1960 1407,1960 1407,1961 1403,1965 1391,1965 1391,1958 1353,1958 1353,2003 1363,2003 1365,2005 1365,2047 1362,2047 1362,2048 1355,2048 1355,2034 1349,2034 1349,2009 1348,2009 1348,1959 1350,1957 1352,1957 1352,1955 1365,1955 1371,1955 1375,1955 1375,1956 1393,1956 1393,1918 1382,1918 1382,1917 1378,1917 1375,1914 1373,1916 1373,1910 1388,1910 1391,1913 1395,1909 1396,1909 1403,1909 1414,1909 1414,1871 1403,1871 1400,1871 1396,1867 1392,1871 1386,1871 1386,1872 1373,1872 1373,1862 1343,1862 1343,1868 1339,1872 1331,1872 1331,1861 1303,1861 1304,1860 1303,1855 1299,1853 1299,1845 1288,1845 1288,1856 1296,1856 1295,1857 1296,1862 1297,1862 1296,1863 1268,1863 1268,1869 1264,1873 1249,1873 1249,1864 1250,1863 1250,1851 1258,1851 1258,1837 1246,1837 1246,1847 1242,1851 1242,1863 1225,1863 1222,1860 1218,1864 1190,1864 1190,1910 1188,1910 1188,1874 1176,1874 1176,1873 1171,1873 1168,1870 1165,1873 1150,1873 1147,1870 1143,1874 1134,1874 1134,1865 1108,1865 1108,1912 1129,1912 1129,1913 1147,1913 1147,1918 1115,1918 1115,1920 1102,1920 1102,1919 1081,1919 1081,1912 1073,1912 1073,1911 1079,1911 1086,1911 1097,1911 1097,1874 1086,1874 1086,1873 1082,1873 1079,1870 1076,1873 1073,1873 1069,1869 1065,1873 1052,1873 1049,1870 1045,1874 1028,1874 1028,1912 1049,1912 1051,1912 1055,1916 1055,1917 1051,1921 1035,1921 1035,1958 1060,1958 1060,1957 1063,1960 1063,2003 1069,2003 1069,2054 1066,2057 1070,2061 1070,2067 1080,2067 1080,2057 1088,2057 1088,2064 1092,2064 1092,2090 1088,2094 1071,2094 1067,2090 1065,2090 1065,2056 1061,2052 1061,2043 1050,2043 1050,2056 1049,2056 1049,2040 1040,2040 1036,2036 1032,2040 1030,2040 1027,2037 1027,2033 1014,2033 1014,2048 1012,2048 1012,2005 1019,2005 1019,2004 1037,2004 1037,2003 1042,2003 1049,2003 1059,2003 1059,1965 1049,1965 1046,1965 1042,1961 1038,1965 1034,1965 1032,1963 1028,1967 1019,1967 1019,1958 1002,1958 1002,1957 1020,1957 1020,1946 1025,1946 1025,1934 1020,1934 1020,1921 1002,1921 1001,1921 997,1917 993,1921 984,1921 984,1913 983,1913 984,1912 991,1912 994,1912 994,1913 1022,1913 1022,1867 1020,1867 1020,1851 1038,1851 1038,1855 1071,1855 1071,1850 1084,1850 1092,1850 1106,1850 1106,1832 1109,1832 1109,1821 1097,1821 1097,1824 1093,1828 1092,1828 1092,1811 1082,1811 1082,1805 1096,1805 1096,1807 1119,1807 1119,1814 1159,1814 1159,1804 1174,1804 1185,1804 1185,1809 1208,1809 1208,1802 1212,1802 1212,1794 1216,1794 1216,1805 1230,1805 1230,1811 1292,1811 1293,1814 1303,1821 1305,1821 1305,1828 1315,1828 1315,1818 1308,1818 1307,1815 1297,1808 1295,1808 1295,1804 1321,1804 1321,1800 1323,1800 1323,1803 1339,1803 1339,1769 1341,1769 1341,1759 1358,1759 1358,1805 1383,1805 1383,1806 1412,1806 1412,1804 1439,1804 1439,1805 1458,1805 1465,1805 1493,1805 1493,1800 1497,1800 1497,1812 1515,1812 1515,1796 1501,1796 1497,1792 1493,1792 1493,1769 1465,1769 1462,1769 1458,1765 1454,1769 1443,1769 1442,1768 1442,1762 1422,1762 1425,1759 1433,1759 1433,1760 1460,1760 1460,1759 1466,1759 1473,1759 1492,1759 1492,1725 1473,1725 1473,1724 1469,1724 1466,1721 1463,1724 1460,1724 1460,1723 1459,1723 1456,1720 1453,1723 1439,1723 1439,1721 1435,1721 1433,1719 1431,1721 1416,1721 1416,1723 1415,1723 1415,1716 1444,1716 1444,1714 1469,1714 1469,1710 1490,1710 1490,1685 1495,1685 1495,1677 1497,1677 1497,1666 1498,1667 1501,1666 1503,1662 1511,1662 1511,1650 1500,1650 1500,1659 1499,1658 1496,1659 1494,1663 1488,1663 1488,1637 1470,1637 1470,1626 1444,1626 1444,1630 1440,1634 1428,1634 1428,1629 1432,1625 1436,1625 1441,1625 1445,1625 1456,1625 1463,1625 1463,1624 1487,1624 1487,1606 1496,1606 1496,1603 1506,1603 1506,1590 1515,1590 1515,1603 1526,1603 1526,1590 1536,1590 1536,1595 1546,1595 1546,1584 1538,1584 1536,1582 1526,1582 1522,1586 1519,1586 1515,1582 1506,1582 1506,1574 1490,1574 1490,1592 1488,1594 1487,1593 1487,1579 1458,1579 1458,1585 1456,1587 1456,1576 1436,1576 1436,1577 1432,1577 1432,1585 1428,1589 1412,1589 1412,1625 1407,1625 1407,1579 1384,1579 1384,1588 1368,1588 1368,1579 1349,1579 1349,1580 1326,1580 1326,1585 1322,1589 1321,1589 1321,1587 1317,1587 1315,1585 1313,1587 1310,1587 1310,1576 1284,1576 1282,1574 1278,1578 1263,1578 1263,1585 1261,1588 1258,1585 1254,1589 1251,1589 1251,1588 1249,1588 1246,1585 1243,1588 1238,1588 1235,1585 1231,1589 1219,1589 1219,1588 1216,1588 1213,1585 1210,1588 1208,1588 1208,1587 1204,1587 1201,1584 1198,1587 1196,1587 1196,1580 1164,1580 1164,1625 1192,1625 1192,1626 1201,1626 1208,1626 1219,1626 1219,1625 1235,1625 1235,1626 1244,1626 1246,1628 1246,1631 1248,1631 1248,1670 1227,1670 1227,1669 1245,1669 1245,1633 1227,1633 1227,1629 1222,1629 1187,1629 1187,1630 1183,1634 1181,1634 1181,1632 1177,1632 1175,1630 1173,1632 1166,1632 1164,1630 1160,1634 1159,1634 1159,1580 1123,1580 1123,1591 1108,1591 1108,1581 1090,1581 1090,1582 1067,1582 1067,1627 1069,1627 1069,1632 1065,1636 1054,1636 1052,1636 1048,1632 1044,1636 1016,1636 1013,1633 1009,1637 997,1637 997,1629 1000,1629 1007,1629 1027,1629 1027,1628 1046,1628 1046,1627 1065,1627 1065,1591 1044,1591 1041,1588 1037,1592 1027,1592 1027,1583 1007,1583 1007,1580 1001,1580 1000,1579 999,1580 977,1580 977,1598 973,1602 974,1603 974,1615 977,1615 977,1625 974,1628 972,1626 972,1582 906,1582 906,1626 902,1630 897,1630 897,1588 873,1588 873,1596 862,1596 862,1593 852,1593 851,1592 850,1593 837,1593 837,1594 826,1594 822,1590 818,1594 797,1594 797,1587 768,1587 768,1586 742,1586 742,1592 738,1596 728,1596 728,1588 702,1587 702,1634 723,1634 728,1635 742,1635 742,1640 737,1640 735,1638 731,1642 718,1641 717,1641 713,1637 709,1641 696,1641 696,1633 697,1632 693,1628 693,1599 679,1599 679,1587 641,1587 641,1591 629,1591 629,1602 611,1602 611,1601 589,1601 589,1597 556,1597 556,1603 542,1603 542,1594 528,1594 526,1594 522,1590 518,1594 497,1594 497,1595 463,1595 463,1589 422,1589 422,1602 417,1602 417,1608 405,1608 405,1595 371,1595 371,1596 351,1596 351,1601 328,1601 328,1609 304,1609 304,1600 279,1600 279,1598 235,1598 235,1638 233,1640 233,1609 210,1609 210,1610 197,1610 197,1603 192,1603 192,1595 188,1591 188,1585 221,1585 221,1584 237,1584 237,1585 249,1585 249,1588 273,1588 273,1583 282,1583 286,1583 304,1583 304,1545 305,1545 308,1548 308,1587 327,1587 327,1581 341,1581 341,1580 354,1580 354,1587 381,1587 381,1580 400,1580 400,1579 405,1579 412,1579 422,1579 422,1546 425,1543 425,1544 425,1553 432,1553 432,1578 465,1578 469,1578 486,1578 486,1576 507,1576 507,1577 526,1577 526,1555 511,1555 511,1532 524,1532 529,1532 538,1532 538,1544 567,1544 567,1494 541,1494 541,1450 518,1450 518,1452 514,1452 509,1452 495,1452 495,1451 494,1451 491,1448 489,1450 489,1444 506,1444 506,1443 524,1443 524,1442 540,1442 542,1444 542,1493 573,1493 577,1497 577,1536 599,1536 599,1544 625,1544 625,1535 642,1535 642,1529 644,1529 644,1534 671,1534 671,1526 683,1526 683,1532 707,1532 707,1533 709,1533 709,1534 709,1535 705,1535 705,1549 718,1549 718,1547 726,1548 726,1535 717,1534 717,1533 730,1534 730,1527 753,1527 753,1489 726,1489 723,1485 719,1489 711,1489 710,1488 710,1480 707,1480 707,1440 691,1440 691,1437 701,1437 706,1437 718,1437 718,1440 714,1444 717,1447 714,1451 708,1451 708,1463 718,1463 718,1481 739,1482 744,1482 755,1482 755,1481 761,1481 761,1487 780,1487 780,1481 796,1481 796,1486 799,1486 796,1489 764,1489 764,1527 806,1527 806,1526 821,1526 821,1532 848,1532 848,1505 853,1505 853,1530 875,1530 875,1501 857,1501 853,1497 848,1497 848,1487 861,1487 861,1483 865,1479 875,1479 875,1480 897,1480 897,1479 903,1479 909,1479 920,1479 920,1448 923,1448 923,1446 932,1446 932,1477 964,1477 970,1477 984,1477 989,1477 997,1477 997,1480 993,1484 993,1485 990,1485 990,1484 986,1484 983,1481 980,1484 975,1484 972,1481 968,1485 968,1484 964,1484 961,1481 958,1484 954,1484 951,1481 947,1485 933,1485 930,1482 926,1486 897,1486 897,1523 930,1523 930,1524 955,1524 955,1523 961,1523 968,1523 972,1523 972,1534 990,1534 990,1520 1001,1520 1001,1485 1001,1484 1019,1484 1019,1485 1015,1485 1015,1535 1057,1535 1057,1521 1073,1521 1073,1533 1102,1533 1102,1525 1114,1525 1114,1498 1106,1498 1102,1494 1102,1484 1077,1484 1073,1480 1069,1484 1054,1484 1054,1482 1052,1479 1049,1478 1049,1454 1029,1454 1029,1481 1046,1481 1046,1483 1047,1485 1027,1485 1027,1484 1023,1480 1023,1438 1022,1438 1022,1435 1043,1435 1043,1431 1044,1431 1044,1432 1057,1432 1057,1438 1060,1438 1063,1442 1060,1445 1057,1445 1057,1458 1064,1458 1064,1475 1098,1475 1098,1476 1113,1476 1116,1479 1116,1522 1137,1522 1137,1529 1161,1529 1161,1521 1173,1521 1177,1521 1190,1521 1190,1525 1214,1525 1214,1529 1227,1529 1227,1503 1218,1503 1218,1483 1193,1483 1190,1480 1186,1484 1177,1484 1173,1480 1171,1482 1171,1479 1175,1475 1185,1475 1189,1475 1213,1475 1213,1424 1211,1424 1211,1395 1201,1395 1201,1394 1186,1394 1183,1391 1179,1395 1169,1395 1169,1387 1181,1387 1181,1390 1204,1390 1204,1386 1210,1386 1216,1386 1221,1386 1225,1390 1225,1430 1223,1430 1223,1475 1230,1475 1233,1478 1233,1530 1289,1530 1289,1520 1304,1520 1304,1532 1328,1532 1328,1533 1340,1533 1340,1519 1346,1519 1346,1526 1353,1526 1353,1534 1374,1534 1374,1519 1392,1519 1392,1518 1402,1518 1406,1518 1424,1518 1424,1477 1406,1477 1406,1474 1407,1473 1421,1473 1421,1472 1428,1472 1428,1473 1439,1473 1441,1475 1441,1518 1459,1518 1459,1517 1465,1517 1465,1523 1485,1523 1485,1528 1505,1528 1505,1499 1493,1499 1493,1481 1485,1481 1485,1472 1490,1472 1490,1432 1505,1432 1505,1389 1464,1389 1462,1387 1458,1391 1448,1391 1448,1382 1432,1382 1431,1381 1436,1381 1440,1381 1455,1381 1458,1381 1465,1381 1465,1382 1484,1382 1484,1344 1468,1344 1465,1341 1461,1345 1458,1345 1455,1342 1451,1346 1440,1346 1436,1342 1432,1346 1428,1346 1427,1346 1423,1342 1419,1346 1417,1346 1415,1344 1415,1337 1399,1337 1399,1349 1384,1349 1384,1347 1382,1347 1380,1345 1378,1347 1347,1347 1342,1347 1327,1347 1323,1347 1308,1347 1308,1345 1312,1341 1336,1341 1336,1339 1358,1339 1358,1338 1377,1338 1377,1301 1358,1301 1358,1294 1370,1294 1370,1258 1358,1258 1358,1255 1360,1255 1360,1256 1370,1256 1371,1257 1371,1267 1379,1267 1379,1292 1390,1292 1390,1293 1416,1293 1416,1294 1435,1294 1435,1300 1416,1300 1416,1295 1381,1295 1381,1333 1416,1333 1416,1332 1447,1332 1447,1331 1458,1331 1462,1331 1483,1331 1483,1304 1462,1304 1462,1303 1461,1303 1458,1300 1465,1300 1483,1300 1483,1293 1493,1293 1493,1278 1483,1278 1483,1262 1488,1262 1488,1258 1490,1258 1490,1271 1503,1271 1503,1259 1535,1259 1535,1265 1546,1265 1546,1255 1539,1255 1535,1251 1503,1251 1500,1254 1494,1254 1490,1250 1488,1250 1488,1249 1488,1198 1470,1198 1470,1200 1456,1200 1456,1199 1455,1199 1452,1196 1449,1199 1440,1199 1440,1210 1433,1210 1430,1207 1426,1211 1424,1211 1420,1211 1416,1207 1412,1211 1404,1211 1404,1252 1415,1252 1412,1255 1393,1255 1390,1252 1386,1256 1383,1256 1383,1253 1383,1248 1399,1248 1399,1211 1383,1211 1383,1206 1369,1206 1369,1200 1334,1200 1334,1209 1317,1209 1317,1201 1290,1201 1290,1211 1281,1211 1274,1211 1261,1211 1258,1208 1254,1212 1244,1212 1243,1211 1243,1203 1217,1203 1217,1214 1212,1214 1212,1202 1187,1202 1187,1247 1183,1251 1181,1251 1181,1254 1177,1258 1164,1258 1164,1260 1153,1260 1153,1253 1155,1251 1170,1251 1170,1209 1152,1209 1152,1197 1131,1197 1131,1215 1110,1215 1110,1250 1106,1250 1106,1277 1102,1281 1100,1281 1100,1260 1088,1260 1088,1259 1086,1259 1083,1256 1092,1256 1092,1228 1077,1228 1076,1227 1076,1215 1058,1215 1055,1215 1037,1215 1037,1203 1019,1203 1019,1218 1015,1218 1015,1206 995,1206 991,1210 985,1210 985,1202 955,1202 955,1212 951,1216 931,1216 928,1213 925,1216 925,1208 897,1208 897,1218 884,1218 884,1217 881,1217 878,1214 875,1217 864,1217 861,1214 857,1218 840,1218 840,1262 852,1262 851,1263 837,1263 833,1259 833,1251 824,1251 824,1220 811,1220 811,1209 784,1209 784,1251 780,1255 770,1255 770,1219 754,1219 754,1214 735,1214 735,1211 720,1210 715,1210 704,1210 705,1209 689,1111 685,1109 685,1099 695,1099 695,1040 685,1040 685,1024 674,1024 670,1020 670,1018 675,1014 675,1003 693,1003 693,1001 714,1001 713,1021 709,1025 710,1026 710,1055 706,1059 708,1061 708,1069 710,1069 710,1088 732,1089 732,1088 764,1088 764,1067 771,1067 771,1074 777,1074 777,1092 801,1092 801,1104 825,1104 825,1085 850,1085 855,1085 878,1085 878,1084 909,1084 909,1026 921,1026 921,1093 955,1093 955,1084 963,1084 963,1100 1004,1100 1004,1084 1021,1084 1021,1099 1061,1099 1061,1034 1024,1034 1021,1031 1017,1035 1004,1035 1004,1025 1036,1025 1037,999 1051,999 1051,1012 1069,1012 1068,1024 1075,1024 1075,1085 1146,1085 1146,1081 1166,1081 1166,1080 1190,1080 1190,1082 1223,1082 1223,1089 1258,1089 1258,1052 1261,1052 1261,1087 1284,1087 1284,1048 1265,1048 1261,1044 1258,1044 1258,1034 1265,1034 1265,1023 1259,1023 1258,1022 1258,1019 1271,1019 1271,1017 1300,1017 1300,1019 1312,1038 1315,1039 1315,1047 1321,1047 1321,1049 1331,1049 1331,1038 1326,1038 1326,1036 1323,1036 1321,1034 1319,1036 1318,1036 1318,1034 1307,1015 1304,1014 1304,1013 1337,1013 1337,994 1360,994 1360,967 1362,967 1362,1001 1381,1001 1381,1006 1385,1006 1385,1016 1402,1016 1402,1001 1406,999 1409,988 1408,987 1434,987 1434,976 1447,976 1447,987 1453,987 1453,1005 1478,1005 1478,980 1534,980 1534,987 1544,987 1544,984 1553,984 1553,993 1562,993 1564,997 1572,999 1573,998 1573,1006 1586,1006 1586,998 1590,997 1600,978 1599,976 1608,976 1608,966 1596,966 1596,973 1592,974 1582,993 1583,995 1576,995 1574,991 1566,989 1565,990 1565,980 1557,980 1553,976 1544,976 1538,976 1534,972 1478,972 1478,915 1457,915 1456,914 1453,911 1450,914 1428,914 1428,930 1424,934 1405,934 1405,984 1401,986 1398,997 1399,998 1393,998 1393,994 1387,994 1387,963 1366,963 1362,959 1360,959 1360,958 1369,958 1369,944 1360,944 1360,939 1332,939 1332,943 1328,947 1305,947 1301,943 1297,947 1273,947 1272,946 1272,924 1238,924 1238,943 1234,947 1206,947 1206,948 1187,948 1187,935 1155,935 1155,995 1178,995 1178,1009 1174,1013 1161,1013 1156,1017 1146,1017 1147,1016 1153,1016 1153,1011 1158,1011 1158,1000 1147,1000 1147,1002 1143,1006 1143,1012 1142,1014 1141,1013 1136,1017 1102,1017 1103,1010 1141,1010 1141,945 1097,945 1097,949 1093,953 1076,953 1076,951 1071,951 1069,949 1067,951 1061,951 1055,951 1051,947 1047,951 1037,951 1037,938 1002,938 1002,926 959,926 958,925 954,929 914,929 914,933 910,937 863,937 863,925 826,925 826,928 822,932 802,932 802,931 800,931 797,928 794,931 790,931 790,945 797,945 796,1023 797,1023 799,1026 797,1028 777,1028 777,1059 774,1062 771,1059 764,1059 764,1022 749,1022 750,1011 766,1011 768,1013 767,1021 784,1021 785,1009 772,1009 769,1006 769,930 750,930 750,929 746,929 743,926 740,929 714,928 714,932 710,936 693,936 693,931 669,931 669,1001 667,1003 667,1014 658,1014 657,1024 643,1024 643,1038 639,1042 618,1042 617,1042 613,1038 609,1042 585,1042 581,1038 568,1038 568,1033 550,1033 551,961 555,961 555,1008 626,1008 626,1003 648,1003 648,933 621,933 621,937 617,941 561,941 561,936 551,936 551,941 551,947 555,947 555,953 551,953 547,957 521,957 521,943 498,943 498,954 494,958 480,958 476,954 464,954 464,945 427,945 427,955 423,959 411,959 407,963 395,963 395,1007 416,1007 416,1006 427,1006 427,1016 464,1016 464,962 476,962 475,1030 502,1030 503,1004 515,1004 514,1034 530,1034 533,1037 533,1038 529,1042 515,1042 512,1039 508,1043 507,1043 507,1034 466,1034 466,1040 454,1040 450,1044 443,1044 443,1028 400,1028 400,1040 396,1044 376,1044 376,1034 376,1033 380,1029 376,1025 376,1017 371,1017 372,1009 368,1005 368,964 371,961 371,956 383,956 383,939 367,939 367,952 363,956 363,961 344,961 344,951 347,951 347,940 337,940 336,939 332,943 318,943 318,1010 344,1010 344,1009 364,1009 363,1017 355,1017 355,1029 341,1029 337,1025 329,1025 325,1029 294,1029 294,1033 274,1033 273,1032 270,1032 266,1036 262,1036 262,1035 259,1035 256,1032 254,1034 254,1031 250,1027 250,1024 291,1024 292,1011 307,1011 307,955 292,955 292,947 245,947 245,961 241,965 217,965 214,962 210,966 191,966 191,953 165,953 161,949 158,949 158,939 128,939 128,971 112,971 111,970 111,958 95,958 92,955"/>
            <pc:TextLine id="region0003_line0000">
                <pc:AlternativeImage filename="OCR-D-SEG-LINE-RESEG-DEWARP/OCR-D-SEG-LINE-RESEG-DEWARP_p0030_region0003_region0003_line0000.IMG-DEWARP.png" comments="binarized,despeckled,binarized,dewarped"/>
                <pc:Coords points="318,1006 318,1010 322,1010 344,1010 344,1009 364,1009 363,1017 355,1017 355,1029 355,1034 376,1034 376,1033 376,1025 376,1017 371,1017 372,1009 368,1005 368,965 368,964 371,961 371,956 372,956 380,956 380,956 381,959 393,966 395,966 395,966 395,1007 413,1007 416,1007 416,1006 420,1006 427,1006 427,1016 464,1016 464,962 476,962 475,1030 502,1030 503,1004 507,1004 515,1004 514,1034 530,1034 550,1034 550,1033 550,1033 551,961 555,961 555,1008 626,1008 626,1003 645,1003 645,1003 645,1006 655,1017 658,1017 657,1024 657,1025 670,1025 670,1020 670,1020 670,1018 671,1017 671,1016 673,1014 673,1003 675,1003 693,1003 693,1001 714,1001 713,1027 749,1028 749,1022 749,1022 750,1011 766,1011 768,1013 767,1021 784,1021 785,1013 785,1013 796,1013 796,1013 797,1013 796,1023 797,1023 830,1023 831,1003 835,999 863,999 862,1026 909,1026 921,1026 923,1026 924,1011 963,1011 963,997 998,997 997,1025 1004,1025 1036,1025 1037,999 1051,999 1051,1012 1069,1012 1068,1024 1075,1024 1102,1024 1102,1017 1102,1017 1103,1010 1141,1010 1143,1010 1143,1012 1143,1016 1147,1016 1153,1016 1153,1015 1153,1011 1157,1011 1158,1011 1158,1001 1159,1000 1159,995 1178,995 1178,1009 1178,1016 1211,1016 1211,1008 1238,1008 1237,1019 1258,1019 1271,1019 1271,1017 1300,1017 1303,1017 1304,1013 1337,1013 1337,994 1360,994 1360,967 1362,967 1362,1001 1381,1001 1381,1006 1385,1006 1385,1016 1402,1016 1402,1001 1406,999 1409,988 1408,987 1434,987 1434,976 1447,976 1447,987 1453,987 1453,1005 1478,1005 1478,980 1534,980 1534,987 1544,987 1544,984 1553,984 1553,993 1562,993 1564,997 1572,999 1573,998 1573,1006 1586,1006 1586,998 1590,997 1600,978 1599,976 1608,976 1608,966 1596,966 1596,973 1592,974 1582,993 1583,995 1576,995 1574,991 1566,989 1565,990 1565,980 1557,980 1553,976 1544,976 1538,976 1534,972 1478,972 1478,915 1457,915 1456,915 1456,914 1455,914 1453,912 1451,914 1450,914 1449,914 1445,914 1428,914 1428,930 1424,934 1405,934 1405,984 1401,986 1398,997 1399,998 1393,998 1393,994 1387,994 1387,963 1366,963 1362,959 1360,959 1360,958 1369,958 1369,944 1360,944 1360,939 1332,939 1332,943 1328,947 1305,947 1301,943 1297,947 1273,947 1272,946 1272,924 1238,924 1238,943 1234,947 1209,947 1206,947 1206,948 1202,948 1187,948 1187,935 1155,935 1155,991 1151,995 1151,1000 1147,1000 1147,1002 1147,1006 1145,1004 1143,1002 1141,1002 1141,945 1097,945 1097,949 1093,953 1076,953 1076,951 1071,951 1069,949 1067,951 1061,951 1055,951 1051,947 1047,951 1037,951 1037,938 1002,938 1002,926 959,926 958,925 954,929 914,929 914,933 910,937 867,937 863,937 863,933 863,925 826,925 826,928 826,932 822,932 802,932 802,931 800,931 797,928 794,931 790,931 790,945 797,945 797,1005 796,1005 796,1005 785,1005 781,1009 781,1009 781,1009 772,1009 769,1006 769,930 750,930 750,929 746,929 743,926 740,929 714,928 714,932 710,936 693,936 693,931 669,931 669,999 669,1001 667,1003 667,1014 665,1014 661,1014 661,1014 661,1011 651,1000 648,1000 648,1000 648,933 621,933 621,937 617,941 561,941 561,936 551,936 551,941 551,947 555,947 555,953 551,953 547,957 521,957 521,943 498,943 498,954 498,958 494,958 480,958 476,954 464,954 464,945 427,945 427,955 423,959 411,959 411,963 407,963 398,963 398,963 397,960 385,953 383,953 383,953 383,939 367,939 367,952 367,953 364,956 364,961 363,961 344,961 344,955 344,951 347,951 347,950 347,940 337,940 336,940 336,943 332,943 318,943 318,951 307,951 303,955 292,955 292,947 245,947 245,961 241,965 217,965 214,962 210,966 191,966 191,953 165,953 161,949 158,949 158,939 128,939 128,971 112,971 111,970 111,958 95,958 92,955 88,959 38,959 38,1011 12,1011 8,1015 0,1015 0,1027 11,1027 11,1019 37,1019 37,1028 95,1028 95,1017 107,1017 110,1017 127,1017 130,1017 134,1021 138,1017 157,1017 158,957 161,957 161,1016 191,1016 191,1014 214,1014 213,1031 246,1031 250,1031 250,1027 250,1024 291,1024 292,1011 304,1011 307,1011 307,1006 307,959 318,959"/>
                <pc:TextEquiv conf="0.958985328674316">
                    <pc:Unicode>Hier kaufft er ich ein Se loß, as Jſenburg benannt, E</pc:Unicode>
                </pc:TextEquiv>
            </pc:TextLine>
            <pc:TextLine id="region0003_line0001">
                <pc:AlternativeImage filename="OCR-D-SEG-LINE-RESEG-DEWARP/OCR-D-SEG-LINE-RESEG-DEWARP_p0030_region0003_region0003_line0001.IMG-DEWARP.png" comments="binarized,despeckled,binarized,dewarped"/>
                <pc:Coords points="443,1044 443,1028 400,1028 400,1040 400,1044 396,1044 376,1044 376,1034 376,1033 376,1029 355,1029 341,1029 337,1025 329,1025 325,1029 294,1029 294,1033 274,1033 273,1032 270,1032 266,1036 262,1036 262,1035 259,1035 256,1032 254,1034 253,1035 249,1035 249,1038 245,1042 235,1042 232,1042 232,1043 228,1043 213,1043 213,1046 213,1050 209,1050 199,1050 197,1048 193,1052 188,1052 188,1039 156,1039 156,1041 145,1041 141,1045 109,1045 109,1053 105,1057 84,1057 84,1046 37,1046 37,1097 8,1097 4,1101 0,1101 0,1111 8,1111 8,1105 37,1105 37,1108 84,1108 84,1104 109,1104 109,1105 145,1105 145,1049 156,1049 156,1113 188,1113 188,1100 197,1100 197,1110 220,1110 220,1104 220,1100 224,1100 241,1100 241,1076 241,1072 245,1072 249,1072 249,1088 262,1088 262,1048 270,1048 270,1040 273,1040 273,1096 298,1096 301,1099 305,1095 329,1095 329,1033 337,1033 337,1095 376,1095 376,1094 404,1094 406,1094 406,1092 410,1092 428,1092 428,1102 454,1102 454,1093 454,1085 454,1052 466,1052 466,1085 466,1089 470,1089 501,1089 507,1089 512,1089 522,1089 533,1089 533,1091 568,1091 568,1046 581,1046 581,1090 613,1090 613,1091 643,1091 643,1112 682,1112 681,1113 697,1211 701,1213 701,1220 687,1220 686,1220 686,1219 686,1212 659,1212 658,1212 658,1215 654,1215 643,1215 643,1220 626,1220 626,1221 609,1221 609,1234 609,1242 609,1244 600,1244 600,1242 600,1238 597,1238 597,1237 597,1213 572,1213 572,1219 568,1223 554,1223 552,1223 548,1219 544,1223 530,1223 528,1221 524,1225 513,1225 510,1222 506,1226 494,1226 494,1219 468,1219 468,1222 468,1230 468,1260 453,1260 453,1230 453,1226 449,1226 443,1226 443,1225 437,1225 434,1222 431,1225 427,1225 425,1225 425,1227 421,1227 412,1227 412,1219 382,1219 382,1225 382,1229 378,1229 370,1229 370,1217 338,1217 334,1221 325,1221 325,1226 325,1230 321,1230 313,1230 313,1229 310,1229 307,1226 304,1229 289,1229 289,1220 263,1220 261,1220 261,1222 257,1222 227,1222 227,1266 225,1266 221,1270 220,1270 218,1270 214,1266 213,1267 213,1266 213,1233 171,1233 167,1237 157,1237 156,1236 156,1230 129,1230 129,1275 131,1275 156,1275 156,1273 176,1273 176,1272 211,1272 213,1274 214,1274 214,1283 225,1283 225,1279 225,1274 227,1274 231,1270 253,1270 261,1270 261,1274 289,1274 289,1268 307,1268 313,1268 325,1268 325,1274 348,1274 348,1268 370,1268 370,1267 382,1267 382,1274 412,1274 412,1267 430,1267 431,1267 431,1264 434,1264 435,1264 443,1264 449,1264 453,1268 468,1268 471,1265 490,1265 494,1265 510,1265 516,1265 536,1265 536,1263 541,1263 554,1263 554,1262 572,1262 572,1267 586,1267 597,1267 597,1249 600,1252 609,1252 609,1260 618,1260 629,1260 632,1263 636,1259 643,1259 644,1259 648,1263 652,1259 658,1259 658,1265 686,1265 686,1258 701,1258 702,1258 706,1262 710,1258 715,1258 720,1258 735,1259 735,1257 746,1257 746,1258 766,1258 770,1262 784,1262 784,1264 811,1264 811,1273 833,1273 833,1266 839,1266 840,1267 844,1263 844,1262 852,1262 866,1262 866,1258 870,1254 878,1254 878,1268 903,1268 903,1265 907,1261 925,1261 925,1252 928,1252 928,1253 955,1253 956,1253 960,1257 964,1253 985,1253 985,1252 995,1252 995,1259 1015,1259 1015,1251 1019,1251 1019,1253 1033,1253 1033,1258 1058,1258 1058,1253 1073,1253 1073,1256 1083,1256 1089,1256 1092,1259 1106,1259 1110,1255 1114,1251 1130,1251 1134,1255 1138,1251 1144,1251 1152,1251 1155,1251 1166,1251 1170,1255 1187,1255 1187,1258 1212,1258 1212,1250 1217,1250 1217,1258 1243,1258 1243,1251 1262,1251 1262,1250 1274,1250 1274,1255 1290,1255 1290,1257 1317,1257 1317,1249 1334,1249 1334,1255 1358,1255 1360,1255 1360,1256 1370,1256 1383,1256 1383,1253 1383,1248 1399,1248 1399,1215 1404,1215 1404,1252 1415,1252 1424,1252 1424,1248 1430,1248 1430,1253 1445,1253 1445,1250 1449,1246 1452,1246 1452,1255 1481,1255 1481,1254 1488,1254 1488,1250 1488,1249 1488,1198 1472,1198 1470,1198 1470,1200 1466,1200 1456,1200 1456,1199 1455,1199 1452,1196 1449,1199 1440,1199 1440,1210 1433,1210 1430,1207 1426,1211 1424,1211 1420,1211 1416,1207 1412,1211 1408,1211 1404,1207 1399,1207 1395,1211 1383,1211 1383,1206 1369,1206 1369,1200 1334,1200 1334,1205 1334,1209 1330,1209 1317,1209 1317,1201 1290,1201 1290,1207 1290,1211 1286,1211 1281,1211 1278,1211 1274,1211 1270,1211 1261,1211 1258,1208 1254,1212 1244,1212 1243,1211 1243,1203 1217,1203 1217,1210 1217,1214 1213,1214 1212,1214 1212,1202 1187,1202 1187,1205 1187,1213 1187,1247 1170,1247 1170,1213 1170,1209 1166,1209 1152,1209 1152,1197 1131,1197 1131,1215 1110,1215 1110,1247 1110,1250 1106,1250 1106,1251 1092,1251 1092,1247 1092,1228 1077,1228 1076,1227 1076,1215 1059,1215 1058,1215 1055,1215 1051,1215 1037,1215 1037,1203 1019,1203 1019,1214 1019,1218 1015,1218 1015,1206 995,1206 991,1210 985,1210 985,1202 955,1202 955,1212 955,1216 951,1216 931,1216 928,1213 925,1216 925,1208 897,1208 897,1218 884,1218 884,1217 881,1217 878,1214 875,1217 864,1217 861,1217 861,1218 857,1218 840,1218 840,1258 836,1262 833,1259 833,1258 833,1251 824,1251 824,1220 811,1220 811,1209 784,1209 784,1215 784,1223 784,1251 784,1254 770,1254 770,1223 770,1219 766,1219 754,1219 754,1214 735,1214 735,1211 730,1211 730,1211 728,1211 728,1211 720,1210 719,1210 715,1210 711,1210 704,1210 705,1209 689,1111 685,1109 685,1099 695,1099 695,1063 706,1063 708,1061 708,1063 708,1069 710,1069 710,1088 732,1089 732,1088 736,1088 764,1088 764,1067 771,1067 771,1074 777,1074 777,1092 801,1092 801,1104 825,1104 825,1085 850,1085 855,1085 875,1085 878,1085 878,1084 882,1084 909,1084 909,1027 909,1026 921,1026 921,1027 921,1093 955,1093 955,1084 963,1084 963,1100 1004,1100 1004,1084 1021,1084 1021,1099 1061,1099 1061,1089 1075,1089 1079,1085 1146,1085 1146,1081 1163,1081 1166,1081 1166,1080 1170,1080 1190,1080 1190,1082 1223,1082 1223,1089 1258,1089 1258,1052 1261,1052 1261,1087 1284,1087 1284,1052 1284,1052 1284,1052 1315,1051 1319,1047 1319,1047 1321,1047 1321,1049 1331,1049 1331,1038 1326,1038 1326,1036 1323,1036 1321,1034 1319,1036 1318,1036 1315,1036 1315,1039 1315,1043 1315,1043 1315,1043 1284,1044 1280,1048 1280,1048 1265,1048 1261,1044 1258,1044 1258,1034 1265,1034 1265,1023 1259,1023 1258,1022 1258,1019 1258,1018 1227,1018 1226,1017 1227,1016 1226,1016 1224,1014 1222,1016 1196,1016 1196,1013 1192,1013 1191,1012 1190,1013 1174,1013 1161,1013 1160,1017 1156,1017 1146,1017 1144,1017 1141,1013 1136,1017 1102,1017 1075,1017 1075,1024 1075,1030 1075,1038 1075,1081 1061,1081 1061,1038 1061,1034 1057,1034 1024,1034 1021,1031 1017,1035 1004,1035 1004,1025 1004,1019 963,1019 963,1032 959,1036 955,1036 955,1022 924,1022 921,1019 909,1019 905,1023 871,1023 871,1030 855,1030 855,1025 825,1025 825,1023 819,1023 817,1021 815,1023 801,1023 801,1024 799,1026 797,1028 777,1028 777,1059 774,1062 771,1059 764,1059 764,1022 749,1022 725,1022 725,1026 710,1025 710,1026 710,1055 709,1056 708,1057 706,1055 695,1055 695,1040 685,1040 685,1024 674,1024 657,1024 643,1024 643,1038 639,1042 618,1042 617,1042 613,1038 609,1042 585,1042 581,1038 568,1038 568,1033 550,1033 533,1033 533,1037 533,1038 529,1042 515,1042 512,1039 508,1043 507,1043 507,1034 466,1034 466,1040 466,1044 454,1044 450,1044"/>
                <pc:TextEquiv conf="0.415654271841049">
                    <pc:Unicode>c</pc:Unicode>
                </pc:TextEquiv>
            </pc:TextLine>
            <pc:TextLine id="region0003_line0002">
                <pc:AlternativeImage filename="OCR-D-SEG-LINE-RESEG-DEWARP/OCR-D-SEG-LINE-RESEG-DEWARP_p0030_region0003_region0003_line0002.IMG-DEWARP.png" comments="binarized,despeckled,binarized,dewarped"/>
                <pc:Coords points="1371,1267 1375,1267 1379,1267 1379,1292 1390,1292 1390,1293 1416,1293 1416,1294 1435,1294 1435,1300 1458,1300 1465,1300 1483,1300 1483,1293 1493,1293 1493,1278 1483,1278 1483,1262 1488,1262 1488,1258 1490,1258 1490,1271 1503,1271 1503,1259 1535,1259 1535,1265 1546,1265 1546,1255 1539,1255 1535,1251 1503,1251 1500,1254 1494,1254 1490,1250 1488,1250 1488,1249 1483,1249 1483,1245 1474,1245 1459,1245 1458,1244 1454,1248 1435,1248 1435,1251 1431,1255 1421,1255 1420,1255 1416,1251 1415,1252 1412,1255 1393,1255 1390,1252 1386,1256 1383,1256 1383,1253 1380,1253 1379,1252 1378,1253 1371,1253 1371,1257 1371,1259 1370,1259 1370,1258 1358,1258 1358,1255 1358,1249 1330,1249 1330,1253 1326,1253 1322,1257 1309,1257 1305,1257 1301,1253 1297,1257 1295,1257 1293,1255 1289,1259 1282,1259 1282,1253 1258,1253 1258,1255 1254,1259 1251,1259 1251,1258 1247,1258 1244,1255 1241,1258 1237,1258 1234,1255 1230,1259 1223,1259 1223,1251 1200,1251 1198,1251 1194,1247 1190,1251 1183,1251 1181,1251 1181,1254 1177,1258 1166,1258 1164,1258 1164,1260 1160,1260 1153,1260 1153,1253 1153,1250 1110,1250 1106,1250 1106,1277 1102,1281 1100,1281 1100,1260 1088,1260 1088,1259 1086,1259 1083,1256 1080,1259 1073,1259 1073,1261 1059,1261 1058,1260 1058,1252 1029,1252 1029,1262 1013,1262 1011,1260 1011,1258 1009,1258 1000,1258 1000,1262 988,1262 988,1261 984,1261 981,1258 978,1261 972,1261 972,1263 955,1263 955,1262 954,1262 951,1259 948,1262 930,1262 926,1258 917,1258 913,1262 891,1262 890,1261 886,1265 882,1265 881,1264 878,1261 875,1264 858,1264 858,1263 857,1263 854,1260 852,1262 851,1263 837,1263 833,1263 829,1267 815,1267 815,1265 812,1265 810,1263 808,1265 794,1265 794,1255 780,1255 770,1255 753,1255 753,1261 749,1265 742,1265 742,1264 738,1264 735,1261 732,1264 718,1263 718,1258 692,1258 692,1297 690,1295 687,1295 687,1259 654,1259 654,1264 650,1268 643,1268 643,1258 620,1258 620,1262 620,1264 620,1268 613,1268 609,1268 587,1268 585,1268 585,1270 571,1270 571,1263 545,1263 545,1267 545,1271 541,1271 530,1271 528,1269 524,1273 517,1273 517,1272 514,1272 511,1269 508,1272 482,1272 478,1268 470,1268 446,1268 446,1272 442,1272 429,1272 428,1271 424,1275 416,1275 416,1271 409,1271 379,1271 377,1269 373,1273 361,1273 357,1277 356,1277 356,1276 352,1276 349,1273 346,1276 344,1276 344,1269 304,1269 304,1274 303,1274 299,1278 284,1278 284,1269 256,1269 256,1273 252,1277 248,1277 244,1273 240,1277 236,1277 234,1277 234,1279 230,1279 225,1279 220,1279 220,1270 218,1270 196,1270 193,1267 189,1271 177,1271 177,1279 173,1283 163,1283 162,1282 162,1275 135,1275 135,1279 135,1307 135,1311 128,1311 124,1311 121,1311 117,1307 86,1307 83,1310 74,1310 74,1323 86,1323 86,1315 117,1315 117,1323 128,1323 128,1319 135,1319 139,1319 157,1319 162,1319 162,1318 181,1318 181,1317 193,1317 193,1323 220,1323 220,1322 220,1316 237,1316 239,1316 239,1314 243,1314 244,1314 252,1314 256,1314 256,1315 273,1315 284,1315 284,1313 303,1313 303,1282 304,1282 304,1321 322,1321 331,1321 344,1321 344,1313 349,1313 349,1314 361,1314 361,1315 377,1315 377,1321 416,1321 416,1311 428,1311 428,1312 450,1312 452,1314 453,1313 453,1312 452,1312 452,1310 456,1310 470,1310 470,1276 478,1276 478,1310 481,1310 511,1310 511,1313 534,1313 534,1310 550,1310 551,1311 555,1307 567,1307 567,1309 573,1309 590,1309 590,1305 594,1305 613,1305 613,1276 620,1276 620,1308 620,1311 643,1311 643,1304 654,1304 654,1310 687,1310 687,1303 690,1303 690,1310 699,1310 699,1307 703,1303 713,1303 718,1303 742,1304 742,1303 753,1303 753,1310 794,1310 794,1308 815,1308 815,1301 837,1301 837,1300 854,1300 854,1306 881,1306 881,1301 890,1301 890,1305 917,1305 917,1266 926,1266 926,1318 955,1318 955,1298 971,1298 975,1302 979,1298 981,1298 981,1312 1000,1312 1000,1272 1004,1268 1009,1268 1009,1310 1036,1310 1036,1308 1040,1304 1058,1304 1058,1298 1074,1298 1077,1301 1081,1297 1088,1297 1088,1296 1095,1296 1095,1301 1106,1301 1106,1315 1153,1315 1153,1297 1171,1297 1171,1295 1181,1295 1181,1301 1200,1301 1200,1296 1215,1296 1215,1305 1234,1305 1240,1305 1251,1305 1251,1303 1261,1303 1261,1296 1275,1296 1282,1296 1298,1296 1298,1294 1301,1294 1309,1294 1326,1294 1326,1261 1330,1261 1330,1302 1358,1302 1358,1301 1358,1294 1370,1294 1370,1271 1370,1267"/>
                <pc:TextEquiv conf="0.963533043861389">
                    <pc:Unicode>beiſſende Autwort werden faſt durchgangig von allen Seribenten ſo ohl</pc:Unicode>
                </pc:TextEquiv>
            </pc:TextLine>
            <pc:TextLine id="region0003_line0003">
                <pc:AlternativeImage filename="OCR-D-SEG-LINE-RESEG-DEWARP/OCR-D-SEG-LINE-RESEG-DEWARP_p0030_region0003_region0003_line0003.IMG-DEWARP.png" comments="binarized,despeckled,binarized,dewarped"/>
                <pc:Coords points="1447,1332 1447,1331 1458,1331 1462,1331 1483,1331 1483,1304 1462,1304 1462,1303 1461,1303 1458,1300 1455,1303 1447,1303 1447,1300 1441,1300 1440,1299 1439,1300 1435,1300 1416,1300 1416,1295 1381,1295 1381,1297 1381,1305 1381,1329 1377,1329 1377,1305 1377,1301 1373,1301 1358,1301 1356,1301 1354,1299 1350,1303 1336,1303 1336,1293 1287,1293 1287,1337 1248,1337 1248,1320 1234,1320 1234,1300 1211,1300 1211,1301 1207,1305 1197,1305 1197,1304 1196,1304 1193,1301 1190,1304 1176,1304 1176,1296 1159,1296 1159,1297 1155,1301 1148,1301 1148,1300 1144,1300 1141,1297 1138,1300 1109,1300 1109,1295 1078,1295 1078,1301 1074,1305 1065,1305 1064,1304 1064,1297 1040,1297 1040,1302 1024,1302 1020,1306 999,1306 998,1305 994,1309 989,1309 989,1298 963,1298 963,1303 959,1307 946,1307 945,1306 941,1310 940,1310 938,1310 934,1306 930,1310 926,1310 926,1307 922,1307 921,1306 920,1307 894,1307 894,1300 870,1300 870,1304 866,1308 852,1308 852,1301 813,1301 813,1305 809,1309 796,1309 796,1306 791,1306 790,1305 789,1306 787,1306 783,1306 779,1302 775,1306 767,1306 767,1302 761,1302 747,1302 747,1308 743,1312 728,1312 724,1307 708,1307 708,1302 680,1302 680,1306 676,1310 660,1310 658,1308 654,1312 635,1312 635,1343 631,1347 629,1345 622,1345 622,1308 620,1308 597,1308 597,1311 593,1315 583,1315 580,1312 576,1316 573,1316 573,1309 573,1307 557,1307 557,1313 553,1317 541,1317 541,1311 524,1311 524,1314 520,1318 512,1318 512,1310 485,1310 485,1314 485,1328 485,1336 485,1353 469,1353 469,1336 469,1332 465,1332 455,1332 451,1332 451,1336 451,1350 451,1352 446,1352 446,1336 446,1325 450,1325 453,1325 453,1312 452,1312 441,1312 441,1320 436,1320 436,1318 429,1318 427,1316 425,1318 419,1318 418,1317 414,1321 405,1321 405,1314 372,1314 372,1318 368,1322 362,1322 358,1318 354,1322 352,1322 352,1321 347,1321 344,1318 341,1321 339,1321 335,1317 318,1317 294,1317 294,1313 290,1313 275,1313 275,1317 275,1319 271,1323 259,1323 256,1323 256,1324 240,1324 236,1324 229,1324 229,1323 225,1323 222,1320 220,1322 219,1323 214,1323 213,1322 209,1326 201,1326 201,1323 195,1323 194,1322 193,1323 182,1323 182,1319 178,1319 161,1319 161,1323 161,1325 157,1329 140,1329 140,1362 140,1364 159,1364 166,1364 166,1362 178,1362 182,1362 201,1362 201,1361 213,1361 215,1361 216,1361 229,1361 229,1359 240,1359 240,1332 256,1332 256,1358 275,1358 275,1359 290,1359 294,1359 298,1359 318,1359 318,1325 322,1321 331,1321 335,1325 335,1358 344,1358 344,1360 352,1360 362,1360 362,1358 372,1358 372,1363 405,1363 405,1357 418,1357 419,1357 423,1357 436,1357 436,1356 442,1356 446,1360 451,1360 454,1357 465,1357 469,1361 485,1361 486,1360 512,1360 512,1353 524,1353 524,1360 541,1360 541,1352 562,1352 562,1351 564,1351 564,1358 583,1358 583,1351 603,1351 603,1349 618,1349 622,1353 629,1353 629,1358 641,1358 641,1349 658,1349 658,1367 686,1367 686,1347 708,1347 708,1315 724,1315 724,1347 747,1348 751,1348 767,1348 767,1346 787,1346 787,1318 790,1318 790,1352 817,1352 817,1347 852,1347 852,1345 870,1345 874,1345 894,1345 894,1344 926,1344 926,1343 934,1343 940,1343 945,1343 951,1343 968,1343 968,1342 985,1342 985,1343 998,1343 998,1347 1024,1347 1024,1310 1040,1310 1040,1342 1061,1342 1061,1343 1078,1343 1078,1349 1109,1349 1109,1342 1141,1342 1141,1355 1165,1355 1165,1342 1171,1342 1171,1346 1197,1346 1197,1342 1216,1342 1216,1341 1228,1341 1234,1341 1244,1341 1248,1345 1287,1345 1291,1341 1312,1341 1336,1341 1336,1339 1358,1339 1358,1338 1377,1338 1377,1337 1381,1337 1385,1333 1416,1333 1416,1332"/>
                <pc:TextEquiv conf="0.985896408557892">
                    <pc:Unicode>alten als neuen, bejahet und als glaubwurdig beſtattiget. Nur Peter</pc:Unicode>
                </pc:TextEquiv>
            </pc:TextLine>
            <pc:TextLine id="region0003_line0004">
                <pc:AlternativeImage filename="OCR-D-SEG-LINE-RESEG-DEWARP/OCR-D-SEG-LINE-RESEG-DEWARP_p0030_region0003_region0003_line0004.IMG-DEWARP.png" comments="binarized,despeckled,binarized,dewarped"/>
                <pc:Coords points="255,1358 255,1361 229,1361 219,1361 219,1365 214,1365 210,1369 191,1369 187,1365 182,1365 181,1366 165,1366 161,1366 159,1364 157,1362 153,1366 142,1366 142,1370 142,1403 157,1403 165,1403 182,1403 182,1373 187,1373 187,1401 211,1401 214,1401 214,1396 214,1373 219,1373 219,1396 219,1400 223,1400 259,1400 259,1365 262,1361 266,1365 266,1399 299,1399 303,1403 319,1403 353,1403 356,1403 356,1402 360,1402 366,1402 371,1402 374,1402 397,1402 397,1361 399,1361 399,1402 419,1402 419,1401 424,1401 432,1401 433,1401 438,1401 442,1405 451,1405 451,1407 459,1407 476,1407 476,1399 489,1399 489,1398 498,1398 502,1398 514,1398 514,1397 521,1397 521,1398 542,1398 542,1397 560,1397 560,1364 563,1364 563,1396 589,1396 589,1394 593,1394 593,1395 606,1395 606,1400 632,1400 632,1398 636,1394 645,1394 645,1399 667,1399 667,1393 683,1393 683,1405 710,1405 710,1392 723,1392 728,1393 747,1393 747,1392 763,1392 763,1391 767,1391 774,1391 785,1391 785,1358 794,1358 794,1386 814,1386 817,1386 825,1386 828,1389 829,1389 833,1385 869,1385 869,1384 879,1384 884,1384 891,1384 891,1395 913,1395 913,1402 943,1402 943,1383 951,1383 951,1384 977,1384 977,1383 986,1383 990,1383 1001,1383 1001,1372 1007,1372 1007,1393 1035,1393 1035,1382 1046,1382 1044,1384 1037,1384 1037,1405 1056,1405 1056,1384 1069,1384 1073,1384 1100,1384 1100,1382 1107,1382 1108,1386 1115,1389 1117,1388 1117,1400 1131,1400 1131,1387 1148,1387 1151,1387 1162,1387 1166,1387 1169,1387 1181,1387 1181,1390 1204,1390 1204,1386 1210,1386 1212,1386 1216,1386 1220,1386 1221,1386 1250,1386 1252,1388 1256,1388 1260,1384 1278,1384 1283,1384 1303,1384 1303,1389 1327,1389 1327,1384 1342,1384 1347,1384 1380,1384 1384,1384 1401,1384 1402,1385 1406,1381 1413,1381 1413,1382 1428,1382 1428,1381 1431,1381 1436,1381 1440,1381 1455,1381 1458,1381 1465,1381 1465,1382 1484,1382 1484,1344 1468,1344 1465,1341 1461,1345 1458,1345 1455,1342 1451,1346 1440,1346 1436,1342 1432,1346 1428,1346 1427,1346 1423,1342 1419,1346 1417,1346 1415,1344 1415,1337 1399,1337 1399,1349 1384,1349 1384,1347 1382,1347 1380,1345 1378,1347 1347,1347 1346,1347 1342,1347 1338,1347 1327,1347 1323,1347 1319,1347 1308,1347 1308,1345 1308,1338 1278,1338 1278,1344 1274,1348 1256,1348 1256,1380 1252,1380 1252,1349 1210,1349 1210,1350 1204,1350 1204,1341 1181,1341 1181,1346 1177,1350 1165,1350 1162,1347 1158,1351 1152,1351 1151,1350 1151,1342 1125,1342 1125,1381 1121,1385 1120,1385 1119,1381 1112,1378 1110,1379 1110,1367 1100,1367 1100,1352 1071,1352 1069,1350 1065,1354 1048,1354 1048,1363 1046,1363 1042,1367 1036,1367 1035,1366 1035,1354 1007,1354 1007,1364 1001,1364 997,1368 990,1368 990,1352 972,1352 970,1350 966,1354 957,1354 957,1352 953,1352 951,1350 949,1352 937,1352 933,1356 918,1356 917,1356 913,1352 909,1356 904,1356 904,1344 880,1344 879,1343 875,1347 869,1347 865,1343 861,1347 829,1347 829,1381 828,1381 828,1371 818,1371 817,1370 817,1347 794,1347 794,1350 785,1350 781,1354 774,1354 771,1354 767,1350 763,1354 760,1354 757,1351 753,1355 747,1355 747,1351 740,1351 723,1350 719,1354 710,1354 710,1347 683,1347 683,1349 679,1353 667,1353 667,1348 645,1348 645,1353 641,1357 628,1357 628,1358 612,1358 612,1354 606,1354 593,1354 593,1355 589,1359 588,1359 585,1356 581,1360 567,1360 563,1356 560,1356 556,1360 539,1360 537,1358 533,1362 525,1362 521,1358 517,1362 514,1362 511,1362 507,1358 503,1362 502,1362 502,1353 485,1353 483,1353 483,1359 479,1363 476,1363 476,1354 469,1354 451,1354 451,1358 451,1360 451,1368 451,1397 442,1397 442,1368 442,1364 438,1364 432,1364 428,1364 424,1360 420,1364 419,1364 419,1357 419,1356 402,1356 399,1353 397,1353 393,1357 369,1357 366,1354 362,1358 354,1358 354,1362 354,1366 350,1366 323,1366 319,1366 319,1370 319,1395 303,1395 303,1370 303,1362 303,1361 298,1361 290,1361 270,1361 270,1358 266,1354 263,1357 262,1357 259,1354"/>
                <pc:TextEquiv conf="0.964360594749451">
                    <pc:Unicode>RNZ will in ſeiner angefuͤhrten I. Diſputat. p. 20. dieſem allgemeiuen</pc:Unicode>
                </pc:TextEquiv>
            </pc:TextLine>
            <pc:TextLine id="region0003_line0005">
                <pc:AlternativeImage filename="OCR-D-SEG-LINE-RESEG-DEWARP/OCR-D-SEG-LINE-RESEG-DEWARP_p0030_region0003_region0003_line0005.IMG-DEWARP.png" comments="binarized,despeckled,binarized,dewarped"/>
                <pc:Coords points="182,1377 178,1381 142,1381 147,1449 106,1453 106,1463 118,1463 118,1457 149,1455 150,1463 541,1463 541,1450 489,1450 489,1444 524,1442 542,1444 542,1463 707,1463 707,1440 691,1437 718,1437 714,1444 717,1447 708,1451 708,1463 920,1464 920,1448 932,1446 932,1464 1023,1464 1023,1458 1029,1458 1029,1464 1049,1464 1049,1454 1023,1450 1022,1435 1043,1435 1044,1431 1057,1432 1057,1438 1063,1442 1057,1445 1057,1458 1064,1458 1064,1464 1213,1464 1211,1395 1183,1391 1169,1395 1169,1387 1204,1390 1204,1386 1221,1386 1225,1390 1223,1464 1490,1464 1490,1432 1505,1432 1505,1389 1465,1389 1468,1382 1484,1382 1467,1379 1462,1380 1458,1391 1448,1391 1448,1382 451,1381 451,1407 463,1411 460,1442 460,1436 449,1436 449,1404 430,1404 442,1401 442,1381 319,1381 319,1403 374,1402 374,1411 351,1410 349,1448 345,1434 335,1434 335,1412 317,1408 292,1411 296,1399 303,1399 303,1381 266,1381 266,1399 288,1399 288,1404 266,1404 262,1412 195,1416 195,1407 151,1407 151,1403 182,1403 182,1385 187,1385 187,1401 214,1401 214,1385 219,1385 219,1400 259,1400 259,1381 223,1381 219,1377 191,1381"/>
                <pc:TextEquiv conf="0.403182715177536">
                    <pc:Unicode>ſün ie eunhuir Mtei reſee.</pc:Unicode>
                </pc:TextEquiv>
            </pc:TextLine>
            <pc:TextLine id="region0003_line0006">
                <pc:AlternativeImage filename="OCR-D-SEG-LINE-RESEG-DEWARP/OCR-D-SEG-LINE-RESEG-DEWARP_p0030_region0003_region0003_line0006.IMG-DEWARP.png" comments="binarized,despeckled,binarized,dewarped"/>
                <pc:Coords points="106,1455 106,1459 11,1459 7,1459 0,1459 0,1498 7,1498 11,1498 11,1494 11,1467 11,1463 110,1463 118,1463 118,1457 147,1457 149,1459 150,1458 150,1463 150,1495 150,1497 150,1505 153,1505 173,1505 173,1497 188,1497 190,1499 194,1495 209,1495 209,1459 223,1459 223,1501 246,1501 246,1493 256,1493 256,1507 276,1507 276,1492 292,1492 292,1493 317,1493 317,1491 336,1491 336,1456 345,1456 345,1491 369,1491 376,1491 387,1491 387,1490 393,1490 393,1496 413,1496 413,1490 426,1490 431,1490 445,1490 445,1489 457,1489 463,1489 469,1489 469,1493 495,1493 495,1487 509,1487 514,1487 518,1487 518,1499 541,1499 541,1497 542,1497 543,1496 545,1498 549,1494 549,1493 573,1493 577,1493 577,1484 604,1484 609,1484 627,1484 627,1483 636,1483 636,1484 659,1484 659,1482 668,1482 674,1482 688,1482 688,1481 707,1481 707,1480 707,1467 708,1467 712,1463 718,1463 718,1481 739,1482 744,1482 755,1482 755,1481 761,1481 761,1487 780,1487 780,1481 796,1481 796,1486 799,1486 819,1486 819,1481 840,1481 840,1487 848,1487 861,1487 861,1483 861,1479 865,1479 875,1479 875,1480 897,1480 897,1479 903,1479 909,1479 920,1479 920,1448 920,1445 932,1445 932,1446 932,1477 964,1477 970,1477 984,1477 989,1477 997,1477 997,1480 997,1484 1001,1484 1019,1484 1022,1484 1023,1485 1029,1485 1033,1481 1046,1481 1049,1481 1049,1478 1049,1462 1049,1458 1057,1458 1061,1458 1064,1458 1064,1475 1098,1475 1098,1476 1113,1476 1116,1476 1121,1476 1136,1476 1136,1475 1150,1475 1150,1483 1171,1483 1171,1482 1171,1479 1175,1475 1185,1475 1189,1475 1193,1475 1209,1475 1213,1479 1223,1479 1227,1475 1230,1475 1251,1475 1251,1474 1265,1474 1265,1475 1278,1475 1278,1482 1307,1482 1307,1433 1312,1433 1312,1474 1338,1474 1338,1473 1351,1473 1351,1479 1378,1479 1378,1442 1384,1442 1384,1473 1404,1473 1407,1473 1421,1473 1421,1472 1428,1472 1428,1473 1439,1473 1445,1473 1445,1472 1459,1472 1459,1481 1485,1481 1485,1472 1490,1472 1490,1432 1478,1432 1474,1436 1465,1436 1463,1436 1459,1432 1455,1436 1445,1436 1441,1432 1437,1436 1434,1436 1432,1436 1428,1432 1424,1436 1422,1436 1421,1435 1421,1428 1404,1428 1404,1434 1400,1438 1388,1438 1384,1434 1378,1434 1374,1438 1357,1438 1355,1438 1351,1434 1347,1438 1338,1438 1338,1429 1316,1429 1312,1425 1307,1425 1304,1428 1278,1428 1278,1435 1274,1439 1269,1439 1265,1435 1261,1439 1260,1438 1259,1439 1253,1439 1253,1433 1251,1433 1251,1430 1244,1430 1243,1429 1242,1430 1227,1430 1225,1428 1225,1430 1223,1430 1223,1434 1223,1471 1213,1471 1213,1434 1213,1426 1213,1424 1211,1424 1185,1424 1185,1440 1167,1440 1167,1441 1161,1441 1161,1432 1136,1432 1136,1423 1116,1423 1116,1436 1112,1440 1102,1440 1101,1439 1101,1438 1100,1438 1098,1436 1096,1438 1064,1438 1064,1441 1063,1442 1060,1445 1057,1445 1057,1450 1049,1450 1045,1454 1033,1454 1029,1454 1029,1458 1029,1477 1023,1477 1023,1458 1023,1450 1023,1438 1022,1438 997,1438 993,1442 989,1442 989,1441 987,1441 984,1438 981,1441 970,1441 970,1437 964,1437 932,1437 920,1437 916,1441 909,1441 907,1441 903,1437 899,1441 894,1441 892,1439 888,1443 880,1443 880,1442 878,1442 875,1439 872,1442 857,1442 856,1441 852,1445 852,1435 841,1435 841,1432 833,1432 832,1431 831,1432 813,1432 811,1430 807,1434 796,1434 796,1440 792,1444 780,1444 780,1443 776,1443 773,1440 770,1443 764,1443 761,1440 757,1444 755,1444 752,1444 748,1440 744,1444 742,1444 739,1441 735,1445 718,1444 718,1447 714,1451 712,1451 708,1451 708,1455 708,1459 707,1459 707,1455 707,1447 707,1440 691,1440 688,1440 688,1438 684,1438 682,1436 680,1438 668,1438 668,1442 664,1446 659,1446 659,1435 636,1435 636,1444 632,1448 627,1448 627,1447 626,1447 623,1444 620,1447 607,1447 604,1444 600,1448 577,1448 577,1440 542,1440 542,1444 542,1489 542,1492 541,1493 541,1489 541,1450 520,1450 518,1450 518,1452 514,1452 513,1452 509,1452 505,1452 495,1452 495,1451 494,1451 491,1448 489,1450 488,1451 472,1451 469,1448 465,1452 463,1452 463,1449 458,1449 457,1448 456,1449 439,1449 439,1451 435,1455 431,1455 431,1454 429,1454 426,1451 423,1454 413,1454 413,1453 410,1453 407,1450 404,1453 396,1453 393,1450 389,1454 387,1454 384,1454 380,1450 376,1454 376,1448 351,1448 349,1448 345,1448 336,1448 332,1452 311,1452 307,1456 296,1456 292,1452 288,1456 271,1456 269,1454 265,1458 260,1458 256,1454 252,1458 246,1458 246,1449 223,1449 223,1451 209,1451 205,1455 183,1455 183,1461 173,1461 173,1453 151,1453 149,1451 145,1455"/>
                <pc:TextEquiv conf="0.994967520236969">
                    <pc:Unicode>ſes ſeines unzeitigen Zweifels anzufuhren weiß, welches doch bey einer</pc:Unicode>
                </pc:TextEquiv>
            </pc:TextLine>
            <pc:TextLine id="region0003_line0007">
                <pc:AlternativeImage filename="OCR-D-SEG-LINE-RESEG-DEWARP/OCR-D-SEG-LINE-RESEG-DEWARP_p0030_region0003_region0003_line0007.IMG-DEWARP.png" comments="binarized,despeckled,binarized,dewarped"/>
                <pc:Coords points="752,1485 750,1489 749,1489 726,1489 723,1485 719,1489 711,1489 710,1488 710,1480 707,1480 683,1480 683,1486 679,1490 671,1490 671,1481 644,1481 644,1488 642,1490 642,1481 618,1481 618,1489 614,1493 604,1493 603,1493 599,1489 595,1493 580,1493 577,1490 568,1490 567,1489 563,1493 563,1494 541,1494 540,1494 538,1492 534,1496 529,1496 529,1487 503,1487 503,1490 499,1494 481,1494 481,1495 465,1495 463,1493 459,1497 438,1497 438,1490 408,1490 404,1494 393,1494 393,1496 389,1500 377,1500 377,1499 376,1499 373,1496 370,1499 368,1499 368,1498 363,1498 360,1495 357,1498 350,1498 350,1517 346,1521 345,1521 341,1517 340,1517 340,1495 316,1495 316,1492 313,1492 312,1491 311,1492 276,1492 276,1499 272,1503 265,1503 264,1502 264,1497 231,1497 231,1495 226,1495 224,1493 222,1495 211,1495 211,1500 207,1504 197,1504 197,1496 153,1496 153,1505 153,1509 17,1509 13,1509 11,1509 11,1505 11,1501 7,1501 0,1501 0,1509 0,1514 4,1514 4,1519 17,1519 17,1517 153,1517 153,1538 153,1542 197,1542 197,1540 211,1540 211,1546 231,1546 231,1545 264,1545 264,1538 276,1538 276,1545 304,1545 305,1545 312,1545 312,1550 340,1550 340,1525 341,1525 341,1532 350,1532 350,1535 360,1535 360,1536 373,1536 377,1536 398,1536 398,1534 408,1534 408,1542 438,1542 438,1533 463,1533 463,1545 487,1545 487,1538 491,1534 509,1534 509,1532 511,1532 524,1532 529,1532 538,1532 538,1544 567,1544 567,1498 571,1494 571,1493 573,1493 577,1497 577,1498 577,1536 599,1536 599,1544 625,1544 625,1535 642,1535 642,1529 644,1529 644,1534 671,1534 671,1526 683,1526 683,1532 707,1532 707,1533 709,1533 709,1533 717,1533 717,1533 730,1534 730,1527 753,1527 753,1493 753,1492 754,1493 762,1491 763,1490 764,1491 764,1493 764,1527 806,1527 806,1526 821,1526 821,1532 848,1532 848,1505 853,1505 853,1530 875,1530 875,1527 875,1523 897,1523 901,1523 930,1523 930,1524 955,1524 955,1523 961,1523 968,1523 972,1523 972,1534 990,1534 990,1520 1001,1520 1001,1489 1001,1485 1001,1484 1011,1484 1011,1485 1015,1489 1015,1535 1057,1535 1057,1521 1073,1521 1073,1533 1102,1533 1102,1525 1114,1525 1114,1506 1116,1506 1116,1522 1137,1522 1137,1529 1161,1529 1161,1525 1161,1521 1165,1521 1173,1521 1177,1521 1190,1521 1190,1525 1214,1525 1214,1529 1227,1529 1227,1511 1233,1511 1233,1530 1289,1530 1289,1520 1304,1520 1304,1532 1328,1532 1333,1532 1333,1519 1340,1519 1346,1519 1346,1526 1353,1526 1372,1526 1372,1519 1374,1519 1392,1519 1392,1518 1402,1518 1406,1518 1420,1518 1424,1518 1441,1518 1445,1518 1459,1518 1459,1517 1465,1517 1465,1523 1485,1523 1485,1528 1505,1528 1505,1499 1493,1499 1493,1481 1485,1481 1474,1481 1474,1480 1468,1480 1465,1477 1462,1480 1460,1480 1459,1479 1459,1471 1441,1471 1441,1475 1441,1510 1424,1510 1424,1477 1406,1477 1406,1474 1406,1472 1389,1472 1389,1479 1385,1483 1373,1483 1372,1482 1372,1473 1346,1473 1346,1478 1342,1482 1333,1482 1333,1474 1304,1474 1304,1480 1300,1484 1289,1484 1289,1474 1233,1474 1233,1478 1233,1499 1233,1503 1227,1503 1223,1503 1218,1503 1218,1483 1193,1483 1190,1480 1186,1484 1177,1484 1173,1480 1171,1482 1169,1484 1154,1484 1154,1485 1142,1485 1142,1475 1116,1475 1116,1479 1116,1494 1116,1498 1114,1498 1110,1498 1106,1498 1102,1494 1102,1484 1077,1484 1073,1480 1069,1484 1054,1484 1051,1481 1047,1485 1027,1485 1019,1485 1019,1484 1015,1480 1014,1481 1001,1481 997,1485 993,1485 990,1485 990,1484 986,1484 983,1481 980,1484 975,1484 972,1481 968,1485 968,1484 964,1484 961,1481 958,1484 954,1484 951,1481 947,1485 933,1485 930,1482 926,1486 897,1486 897,1515 875,1515 875,1501 857,1501 853,1497 848,1497 848,1487 848,1479 821,1479 821,1483 817,1487 802,1487 800,1485 799,1486 796,1489 770,1489 770,1487 766,1483 764,1485 763,1485 760,1483"/>
                <pc:TextEquiv conf="0.991992235183716">
                    <pc:Unicode>Geſchicht nothwendig geſchehen muß, waun man deren Wahrheit in</pc:Unicode>
                </pc:TextEquiv>
            </pc:TextLine>
            <pc:TextLine id="region0003_line0008">
                <pc:AlternativeImage filename="OCR-D-SEG-LINE-RESEG-DEWARP/OCR-D-SEG-LINE-RESEG-DEWARP_p0030_region0003_region0003_line0008.IMG-DEWARP.png" comments="binarized,despeckled,binarized,dewarped"/>
                <pc:Coords points="705,1545 701,1549 700,1587 702,1590 702,1595 702,1603 702,1630 693,1630 693,1628 693,1603 693,1599 689,1599 679,1599 679,1587 641,1587 641,1591 629,1591 629,1602 611,1602 611,1601 609,1601 603,1601 590,1601 589,1601 589,1600 589,1597 586,1597 556,1597 556,1603 542,1603 542,1594 528,1594 526,1594 522,1590 518,1594 500,1594 497,1594 497,1595 493,1595 463,1595 463,1589 422,1589 422,1598 422,1602 418,1602 417,1602 417,1608 405,1608 405,1595 385,1595 381,1595 381,1587 381,1583 381,1580 400,1580 400,1579 405,1579 412,1579 422,1579 422,1546 422,1544 424,1544 425,1543 425,1544 425,1553 432,1553 432,1578 465,1578 469,1578 484,1578 486,1578 486,1576 490,1576 507,1576 507,1577 526,1577 526,1555 511,1555 511,1532 477,1532 477,1541 469,1541 465,1537 461,1541 437,1541 437,1540 435,1540 432,1537 429,1540 425,1536 422,1536 418,1540 408,1540 405,1537 401,1541 397,1541 395,1539 391,1543 382,1543 381,1542 381,1536 354,1536 354,1540 350,1544 337,1544 337,1546 327,1546 327,1544 325,1544 323,1542 321,1544 312,1544 308,1540 304,1540 304,1537 282,1537 282,1546 273,1546 273,1538 251,1538 249,1536 245,1540 237,1540 237,1544 233,1548 222,1548 218,1544 214,1548 188,1548 188,1542 152,1542 152,1545 152,1595 184,1595 188,1595 188,1591 188,1585 221,1585 221,1584 237,1584 237,1585 249,1585 249,1588 273,1588 273,1583 282,1583 286,1583 290,1583 304,1583 304,1548 304,1545 305,1545 308,1548 308,1587 327,1587 327,1581 338,1581 341,1581 341,1580 345,1580 354,1580 354,1587 373,1587 373,1595 371,1595 371,1596 351,1596 351,1597 351,1601 347,1601 328,1601 328,1609 304,1609 304,1600 279,1600 279,1598 271,1598 267,1598 235,1598 235,1605 235,1609 233,1609 229,1609 210,1609 210,1610 197,1610 197,1603 192,1603 184,1603 150,1603 150,1645 133,1645 133,1606 107,1606 106,1605 102,1609 91,1609 91,1608 87,1608 84,1605 81,1608 62,1608 62,1661 91,1661 91,1649 106,1649 106,1660 133,1660 133,1653 150,1653 154,1649 197,1649 197,1647 213,1647 215,1649 219,1645 233,1645 233,1640 233,1617 235,1617 235,1638 235,1658 269,1658 279,1658 304,1658 304,1646 333,1646 335,1648 339,1644 351,1644 351,1650 383,1650 383,1648 387,1644 405,1644 405,1643 417,1643 417,1645 422,1645 422,1648 458,1648 458,1650 505,1650 505,1640 522,1640 528,1640 536,1640 536,1649 561,1649 561,1642 565,1638 589,1638 589,1637 611,1637 611,1636 631,1636 634,1639 638,1635 643,1635 646,1638 650,1634 669,1634 669,1635 690,1635 693,1638 702,1638 706,1634 723,1634 728,1635 742,1635 742,1640 742,1642 768,1642 768,1640 797,1640 797,1632 822,1632 826,1632 837,1632 837,1645 862,1645 862,1632 873,1632 875,1632 879,1636 883,1632 897,1632 897,1630 897,1596 906,1596 906,1626 906,1637 972,1637 972,1626 972,1606 973,1606 974,1605 974,1606 974,1615 977,1615 977,1625 977,1629 997,1629 1000,1629 1007,1629 1027,1629 1027,1628 1043,1628 1046,1628 1046,1627 1050,1627 1065,1627 1065,1599 1067,1599 1067,1627 1069,1627 1090,1627 1090,1628 1108,1628 1108,1627 1123,1627 1123,1634 1159,1634 1159,1588 1164,1588 1164,1625 1192,1625 1192,1626 1201,1626 1208,1626 1219,1626 1219,1625 1235,1625 1235,1626 1244,1626 1246,1626 1246,1628 1246,1631 1248,1631 1258,1631 1258,1632 1273,1632 1273,1629 1277,1625 1282,1625 1282,1638 1310,1638 1310,1625 1315,1625 1321,1625 1326,1625 1326,1626 1349,1626 1352,1629 1356,1625 1362,1625 1362,1630 1388,1630 1392,1626 1404,1626 1407,1629 1412,1629 1416,1625 1432,1625 1436,1625 1437,1625 1441,1625 1445,1625 1456,1625 1457,1625 1457,1626 1461,1630 1463,1628 1465,1626 1465,1625 1464,1624 1467,1624 1487,1624 1487,1606 1495,1606 1496,1606 1496,1603 1500,1603 1506,1603 1506,1590 1515,1590 1515,1603 1526,1603 1526,1599 1526,1595 1536,1595 1540,1595 1546,1595 1546,1584 1538,1584 1536,1584 1536,1587 1526,1587 1526,1586 1522,1586 1519,1586 1515,1582 1506,1582 1506,1574 1490,1574 1490,1592 1490,1596 1488,1594 1487,1593 1487,1579 1458,1579 1458,1585 1458,1589 1456,1589 1456,1587 1456,1576 1436,1576 1436,1577 1432,1577 1432,1585 1432,1589 1428,1589 1416,1589 1412,1589 1412,1593 1412,1621 1407,1621 1407,1593 1407,1585 1407,1579 1384,1579 1384,1588 1368,1588 1368,1583 1372,1579 1372,1534 1374,1534 1374,1519 1357,1519 1353,1515 1340,1515 1336,1519 1328,1519 1328,1532 1328,1533 1340,1533 1340,1523 1340,1519 1346,1519 1346,1523 1353,1523 1353,1526 1353,1534 1364,1534 1364,1579 1349,1579 1349,1580 1326,1580 1326,1585 1322,1589 1321,1589 1321,1587 1317,1587 1315,1585 1313,1587 1310,1587 1310,1576 1284,1576 1282,1574 1278,1578 1263,1578 1263,1585 1263,1589 1262,1589 1261,1588 1258,1585 1254,1589 1251,1589 1251,1588 1249,1588 1246,1585 1243,1588 1238,1588 1235,1585 1231,1589 1219,1589 1219,1588 1216,1588 1213,1585 1210,1588 1208,1588 1208,1587 1204,1587 1201,1584 1198,1587 1196,1587 1196,1580 1168,1580 1164,1580 1159,1580 1155,1580 1123,1580 1123,1587 1123,1591 1119,1591 1108,1591 1108,1581 1093,1581 1090,1581 1090,1582 1086,1582 1067,1582 1067,1587 1067,1591 1065,1591 1061,1591 1044,1591 1041,1591 1041,1592 1037,1592 1027,1592 1027,1583 1007,1583 1007,1580 1001,1580 1000,1579 999,1580 977,1580 977,1598 976,1599 975,1600 973,1598 972,1598 972,1582 906,1582 906,1584 906,1588 897,1588 893,1588 873,1588 873,1596 862,1596 862,1593 852,1593 851,1592 850,1593 840,1593 837,1593 837,1594 833,1594 826,1594 822,1590 818,1594 797,1594 797,1587 768,1587 768,1586 758,1586 752,1586 742,1586 742,1592 738,1596 728,1596 728,1588 708,1587 709,1549 709,1549 714,1549 718,1549 718,1547 722,1547 722,1547 726,1548 726,1535 713,1534 713,1535 709,1535 705,1535"/>
                <pc:TextEquiv conf="0.286655306816101">
                    <pc:Unicode>ll lli s ee ne e iiene nnnie n—</pc:Unicode>
                </pc:TextEquiv>
            </pc:TextLine>
            <pc:TextLine id="region0003_line0009">
                <pc:AlternativeImage filename="OCR-D-SEG-LINE-RESEG-DEWARP/OCR-D-SEG-LINE-RESEG-DEWARP_p0030_region0003_region0003_line0009.IMG-DEWARP.png" comments="binarized,despeckled,binarized,dewarped"/>
                <pc:Coords points="1248,1627 1242,1629 1242,1633 1227,1633 1227,1629 1187,1629 1183,1634 1175,1630 1173,1632 1166,1632 1164,1630 1160,1634 1141,1634 1141,1664 1137,1664 1133,1660 1131,1660 1131,1631 1112,1631 1112,1626 1095,1626 1091,1622 1087,1626 1069,1626 1069,1632 1065,1636 1052,1636 1048,1632 1044,1636 1016,1636 1013,1633 1009,1637 997,1637 997,1629 971,1629 971,1670 962,1670 962,1638 924,1638 921,1635 917,1639 908,1639 908,1630 881,1630 881,1660 878,1660 877,1662 877,1639 866,1639 860,1635 857,1638 849,1637 845,1641 834,1641 834,1670 824,1670 820,1674 819,1653 799,1653 799,1661 796,1664 796,1640 784,1640 780,1639 777,1636 774,1639 769,1639 767,1637 763,1641 754,1641 750,1640 747,1637 744,1640 737,1640 735,1638 731,1642 717,1641 713,1637 709,1641 696,1641 696,1632 657,1632 657,1674 653,1678 648,1674 645,1674 645,1638 620,1638 620,1644 607,1644 606,1636 581,1636 581,1642 570,1642 566,1646 549,1646 545,1642 541,1646 535,1646 531,1642 527,1646 523,1647 503,1647 499,1643 495,1647 478,1647 478,1650 464,1650 460,1649 457,1646 454,1649 448,1649 448,1645 422,1645 418,1650 412,1650 412,1642 366,1642 366,1648 361,1648 357,1652 341,1652 341,1642 300,1642 300,1649 296,1653 290,1653 290,1645 275,1645 271,1641 268,1644 249,1644 249,1642 246,1642 244,1640 242,1642 222,1642 218,1647 201,1647 201,1651 197,1655 179,1656 179,1658 154,1658 154,1694 183,1694 201,1692 201,1698 227,1698 227,1691 244,1691 244,1697 275,1697 275,1689 286,1689 286,1699 307,1699 307,1695 341,1695 341,1691 361,1691 361,1656 366,1656 366,1699 412,1699 412,1695 430,1695 430,1689 448,1689 448,1686 457,1686 457,1697 484,1697 484,1694 488,1690 499,1690 499,1693 527,1694 531,1690 543,1690 543,1683 545,1683 545,1694 570,1694 570,1650 581,1650 581,1681 623,1680 625,1682 629,1678 641,1678 645,1682 648,1682 648,1688 657,1688 657,1691 718,1690 718,1678 735,1679 735,1688 754,1688 754,1685 773,1685 773,1677 777,1677 777,1681 796,1681 796,1679 799,1679 799,1681 814,1681 814,1684 824,1684 824,1678 834,1678 834,1689 855,1689 855,1675 873,1676 873,1678 881,1678 881,1682 908,1682 927,1681 927,1674 958,1674 962,1678 971,1678 975,1674 992,1674 992,1681 1017,1681 1017,1679 1020,1679 1020,1673 1069,1672 1069,1679 1095,1679 1095,1672 1131,1671 1131,1668 1133,1668 1133,1679 1145,1679 1145,1677 1149,1677 1149,1674 1153,1670 1164,1670 1164,1674 1181,1674 1181,1670 1227,1671 1227,1669 1245,1669 1245,1636 1248,1635 1248,1678 1276,1678 1276,1670 1300,1671 1300,1669 1306,1669 1306,1681 1325,1681 1325,1671 1340,1670 1373,1670 1373,1673 1379,1673 1379,1676 1409,1676 1409,1671 1444,1670 1444,1676 1470,1676 1470,1672 1480,1672 1480,1677 1497,1677 1497,1666 1501,1666 1503,1662 1511,1662 1511,1650 1500,1650 1500,1659 1496,1659 1494,1663 1488,1663 1488,1637 1470,1637 1470,1626 1444,1626 1444,1630 1440,1634 1428,1634 1428,1625 1401,1625 1398,1622 1394,1626 1379,1626 1378,1660 1378,1634 1340,1634 1336,1630 1333,1633 1323,1633 1319,1629 1315,1633 1310,1633 1306,1629 1302,1633 1297,1633 1295,1631 1291,1635 1287,1635 1283,1631 1280,1634 1276,1634 1276,1626"/>
                <pc:TextEquiv conf="0.958687424659729">
                    <pc:Unicode>unhoͤffliche Betragung des Cunzen, in dem damahls unter ſeinem Nah⸗</pc:Unicode>
                </pc:TextEquiv>
            </pc:TextLine>
            <pc:TextLine id="region0003_line0010">
                <pc:AlternativeImage filename="OCR-D-SEG-LINE-RESEG-DEWARP/OCR-D-SEG-LINE-RESEG-DEWARP_p0030_region0003_region0003_line0010.IMG-DEWARP.png" comments="binarized,despeckled,binarized,dewarped"/>
                <pc:Coords points="375,1692 371,1692 369,1690 367,1692 349,1692 349,1696 321,1696 321,1698 311,1698 311,1696 307,1696 305,1694 303,1696 293,1696 293,1690 270,1690 270,1695 266,1699 264,1699 264,1690 246,1690 246,1709 241,1709 237,1713 236,1713 236,1692 218,1692 218,1694 214,1698 208,1698 206,1700 204,1702 196,1702 195,1702 191,1698 187,1702 153,1702 153,1727 153,1731 131,1731 127,1731 114,1731 114,1740 128,1740 131,1740 131,1739 153,1739 157,1739 196,1739 196,1738 214,1738 214,1736 218,1736 218,1737 223,1737 236,1737 236,1724 241,1724 241,1717 246,1717 246,1733 252,1733 252,1741 273,1741 273,1735 293,1735 293,1734 305,1734 305,1737 321,1737 326,1737 330,1741 334,1737 353,1737 353,1736 357,1732 369,1732 369,1738 396,1738 396,1732 409,1732 409,1737 435,1737 435,1731 448,1731 448,1732 475,1732 475,1730 490,1730 493,1733 497,1729 504,1729 514,1729 514,1728 533,1728 533,1727 539,1727 548,1727 556,1727 556,1716 559,1716 559,1710 561,1710 561,1740 617,1740 617,1725 631,1725 631,1738 648,1738 648,1720 655,1720 655,1722 667,1722 667,1728 692,1728 692,1723 699,1723 699,1729 731,1730 731,1687 734,1687 734,1727 754,1727 754,1703 764,1703 765,1702 765,1729 795,1729 795,1722 805,1722 805,1721 821,1721 821,1720 834,1720 834,1727 866,1727 866,1696 869,1696 869,1726 894,1726 894,1721 908,1721 908,1720 917,1720 917,1729 944,1729 944,1720 961,1720 963,1722 967,1718 979,1718 980,1718 984,1722 988,1718 1000,1718 1005,1718 1020,1718 1023,1721 1027,1717 1043,1717 1043,1684 1047,1684 1047,1717 1089,1717 1089,1716 1102,1716 1102,1731 1139,1731 1139,1715 1148,1715 1151,1718 1155,1714 1156,1714 1163,1714 1174,1714 1174,1707 1181,1707 1181,1714 1199,1714 1199,1689 1200,1689 1200,1697 1213,1697 1213,1689 1216,1689 1216,1717 1270,1717 1270,1715 1297,1715 1297,1702 1304,1702 1304,1715 1338,1715 1338,1714 1368,1714 1368,1726 1415,1726 1415,1723 1415,1716 1444,1716 1444,1714 1469,1714 1469,1710 1473,1710 1490,1710 1490,1685 1495,1685 1495,1677 1495,1673 1490,1673 1490,1665 1465,1665 1465,1681 1444,1681 1441,1681 1437,1677 1433,1681 1415,1681 1415,1669 1368,1669 1368,1673 1366,1673 1366,1676 1362,1680 1338,1680 1338,1674 1304,1674 1304,1688 1300,1692 1297,1692 1297,1679 1270,1679 1270,1670 1248,1670 1227,1670 1216,1670 1216,1681 1213,1681 1209,1685 1204,1685 1200,1681 1199,1681 1199,1678 1185,1678 1184,1677 1184,1671 1174,1671 1170,1671 1166,1667 1162,1671 1156,1671 1156,1672 1152,1676 1146,1676 1146,1678 1139,1678 1139,1669 1102,1669 1102,1676 1098,1680 1089,1680 1089,1676 1082,1676 1047,1676 1043,1676 1039,1680 1018,1680 1018,1681 1005,1681 1005,1673 979,1673 979,1681 958,1681 958,1682 944,1682 940,1678 936,1682 925,1682 925,1674 905,1674 905,1680 901,1684 894,1684 894,1673 869,1673 866,1676 866,1671 834,1671 830,1675 821,1675 818,1675 814,1671 810,1675 801,1675 801,1678 797,1682 795,1682 795,1676 765,1676 765,1683 761,1687 761,1682 747,1682 747,1683 738,1683 734,1679 731,1679 731,1677 699,1676 699,1682 695,1686 692,1686 692,1676 667,1676 667,1683 663,1687 659,1687 659,1686 658,1686 655,1683 652,1686 648,1686 648,1683 643,1683 642,1682 641,1683 631,1683 631,1685 627,1689 617,1689 617,1681 561,1681 561,1702 559,1702 556,1705 556,1691 548,1691 548,1688 540,1688 539,1687 538,1688 529,1688 525,1692 515,1692 511,1688 507,1692 504,1692 504,1682 484,1682 484,1691 475,1691 475,1679 448,1679 448,1690 444,1694 435,1694 435,1689 416,1689 413,1689 409,1685 405,1689 391,1689 391,1690 387,1694 375,1694"/>
                <pc:TextEquiv conf="0.966270267963409">
                    <pc:Unicode>men herausgegebenen Manifeſt, ſelbſt folgender maſſen: So nu Cun⸗</pc:Unicode>
                </pc:TextEquiv>
            </pc:TextLine>
            <pc:TextLine id="region0003_line0011">
                <pc:AlternativeImage filename="OCR-D-SEG-LINE-RESEG-DEWARP/OCR-D-SEG-LINE-RESEG-DEWARP_p0030_region0003_region0003_line0011.IMG-DEWARP.png" comments="binarized,despeckled,binarized,dewarped"/>
                <pc:Coords points="225,1755 225,1780 239,1780 244,1780 266,1780 272,1780 295,1780 300,1780 300,1779 318,1779 322,1779 346,1779 367,1779 367,1778 390,1778 390,1746 408,1746 408,1784 444,1784 444,1776 489,1776 489,1739 507,1739 507,1783 539,1783 539,1773 554,1773 554,1778 572,1778 572,1773 597,1773 597,1772 608,1772 608,1788 645,1788 645,1777 670,1777 670,1768 684,1768 684,1777 710,1777 710,1733 723,1733 723,1774 758,1775 758,1769 778,1769 778,1779 802,1779 802,1767 820,1767 820,1766 840,1766 840,1760 869,1760 869,1766 876,1766 877,1767 877,1778 892,1778 892,1770 919,1770 919,1766 932,1766 932,1774 966,1774 966,1764 985,1764 985,1762 1006,1762 1006,1730 1020,1730 1020,1763 1046,1763 1046,1761 1068,1761 1068,1768 1078,1768 1081,1771 1086,1771 1090,1767 1114,1767 1114,1760 1118,1760 1118,1761 1169,1761 1169,1727 1185,1727 1185,1764 1215,1764 1215,1772 1246,1772 1246,1761 1292,1761 1292,1726 1307,1726 1307,1769 1339,1769 1341,1769 1341,1759 1358,1759 1361,1759 1361,1727 1371,1727 1371,1760 1393,1760 1393,1765 1421,1765 1421,1763 1422,1762 1425,1759 1433,1759 1433,1760 1460,1760 1460,1759 1466,1759 1473,1759 1492,1759 1492,1725 1473,1725 1473,1724 1469,1724 1466,1721 1463,1724 1460,1724 1460,1723 1459,1723 1456,1720 1453,1723 1439,1723 1439,1721 1435,1721 1433,1719 1431,1721 1416,1721 1416,1723 1415,1723 1401,1723 1401,1722 1396,1722 1393,1719 1390,1722 1374,1722 1371,1719 1361,1719 1357,1723 1341,1723 1341,1721 1337,1721 1335,1719 1333,1721 1310,1721 1307,1718 1292,1718 1288,1722 1245,1722 1242,1719 1238,1723 1220,1723 1219,1723 1215,1719 1211,1723 1189,1723 1185,1719 1169,1719 1169,1714 1118,1714 1118,1722 1114,1726 1114,1715 1086,1715 1086,1763 1081,1763 1081,1754 1072,1754 1071,1753 1071,1725 1043,1725 1040,1722 1036,1726 1024,1726 1020,1722 1006,1722 1002,1726 985,1726 985,1724 980,1724 978,1722 976,1724 964,1724 961,1721 957,1725 940,1725 940,1722 933,1722 932,1721 931,1722 919,1722 919,1718 907,1718 887,1718 887,1759 883,1763 881,1763 881,1756 873,1756 869,1752 840,1752 840,1730 820,1730 820,1727 814,1727 813,1726 812,1727 798,1727 795,1724 791,1728 780,1728 778,1726 774,1730 758,1730 758,1721 723,1720 723,1725 710,1725 706,1729 684,1729 680,1733 670,1733 670,1729 665,1729 639,1729 635,1733 615,1733 612,1733 608,1729 604,1733 597,1733 597,1730 592,1730 591,1729 590,1730 573,1730 569,1726 565,1730 554,1730 554,1733 550,1737 539,1737 539,1735 536,1735 534,1733 532,1735 511,1735 507,1731 489,1731 489,1729 441,1729 439,1727 435,1731 408,1731 408,1738 390,1738 386,1742 365,1742 362,1739 358,1743 321,1743 318,1740 314,1744 300,1744 300,1739 266,1739 266,1740 262,1744 244,1744 244,1735 225,1735 225,1739 225,1743 225,1747 209,1747 205,1747 184,1747 181,1747 181,1748 177,1748 158,1748 158,1779 158,1783 158,1790 160,1790 187,1790 187,1783 208,1783 209,1783 209,1755"/>
                <pc:TextEquiv conf="0.965136110782623">
                    <pc:Unicode>ze indeme ſich geſattiget hatte  fügte er ſich vom ge azten</pc:Unicode>
                </pc:TextEquiv>
            </pc:TextLine>
            <pc:TextLine id="region0003_line0012">
                <pc:AlternativeImage filename="OCR-D-SEG-LINE-RESEG-DEWARP/OCR-D-SEG-LINE-RESEG-DEWARP_p0030_region0003_region0003_line0012.IMG-DEWARP.png" comments="binarized,despeckled,binarized,dewarped"/>
                <pc:Coords points="1335,1763 1323,1763 1323,1785 1321,1787 1321,1761 1295,1761 1292,1761 1288,1757 1284,1761 1230,1761 1230,1774 1226,1778 1216,1778 1212,1782 1209,1782 1208,1781 1208,1759 1185,1759 1185,1786 1181,1790 1178,1790 1174,1786 1174,1767 1159,1767 1159,1764 1147,1764 1146,1763 1145,1764 1119,1764 1115,1768 1099,1768 1096,1765 1092,1769 1082,1769 1082,1760 1047,1760 1047,1766 1043,1770 1030,1770 1027,1770 1023,1766 1019,1770 1009,1770 1009,1760 960,1760 960,1767 942,1767 938,1771 915,1771 913,1769 909,1773 888,1773 885,1770 881,1774 879,1774 876,1774 872,1770 868,1774 854,1774 854,1776 845,1776 841,1780 837,1780 836,1779 836,1777 834,1777 833,1776 832,1777 823,1777 823,1774 817,1774 816,1773 815,1774 792,1774 789,1771 785,1775 776,1775 776,1806 764,1806 764,1780 754,1780 754,1767 732,1767 732,1794 727,1794 723,1789 718,1789 718,1773 692,1773 692,1776 672,1776 647,1776 643,1780 618,1780 618,1779 616,1779 613,1776 610,1779 595,1779 595,1777 590,1777 588,1775 586,1777 562,1777 558,1781 548,1781 548,1778 544,1778 543,1777 542,1778 517,1778 515,1776 511,1780 488,1780 484,1784 458,1784 458,1818 442,1818 442,1785 413,1785 410,1782 406,1786 388,1786 388,1776 376,1776 371,1776 367,1772 363,1776 347,1776 347,1780 347,1810 347,1814 344,1814 340,1814 335,1814 331,1814 331,1818 322,1818 322,1810 322,1779 298,1779 298,1783 298,1784 298,1792 298,1820 283,1820 283,1792 283,1788 279,1788 260,1788 260,1785 256,1785 255,1784 254,1785 227,1785 227,1786 227,1790 223,1790 208,1790 208,1783 208,1781 160,1781 160,1790 160,1829 208,1829 208,1828 210,1828 227,1828 227,1834 250,1834 260,1834 260,1824 279,1824 283,1828 298,1828 298,1834 322,1834 322,1826 331,1826 331,1831 344,1831 344,1827 344,1822 347,1822 347,1823 376,1823 376,1822 383,1822 388,1822 410,1822 410,1827 424,1827 442,1827 442,1826 458,1826 462,1822 488,1822 488,1825 515,1825 515,1826 548,1826 548,1821 562,1821 562,1825 595,1825 595,1819 618,1819 618,1814 647,1814 647,1784 672,1784 672,1813 698,1813 701,1816 705,1812 718,1812 718,1797 723,1797 723,1816 732,1817 735,1820 739,1816 747,1816 747,1817 764,1817 764,1814 776,1814 780,1810 789,1810 789,1814 823,1814 823,1813 833,1813 833,1815 845,1815 845,1784 854,1784 854,1810 872,1810 872,1812 894,1812 894,1808 913,1808 913,1820 942,1820 942,1775 960,1775 960,1818 1009,1818 1009,1809 1023,1809 1023,1810 1047,1810 1047,1819 1082,1819 1082,1811 1082,1805 1096,1805 1096,1807 1119,1807 1119,1814 1159,1814 1159,1804 1174,1804 1185,1804 1185,1809 1208,1809 1208,1802 1212,1802 1212,1798 1212,1794 1216,1794 1216,1805 1230,1805 1230,1811 1292,1811 1295,1811 1295,1808 1295,1804 1321,1804 1321,1800 1323,1800 1323,1803 1339,1803 1339,1769 1339,1767 1341,1767 1341,1763 1358,1763 1358,1767 1358,1805 1383,1805 1383,1806 1412,1806 1412,1804 1439,1804 1439,1805 1458,1805 1465,1805 1493,1805 1493,1800 1497,1800 1497,1812 1515,1812 1515,1796 1501,1796 1497,1792 1493,1792 1493,1769 1465,1769 1462,1769 1458,1765 1454,1769 1443,1769 1442,1768 1442,1762 1422,1762 1408,1762 1408,1764 1404,1768 1391,1768 1391,1755 1358,1755 1341,1755 1337,1759 1338,1760"/>
                <pc:TextEquiv conf="0.94164502620697">
                    <pc:Unicode>Tage / Uns ungegru et l in eine erberge / und urder</pc:Unicode>
                </pc:TextEquiv>
            </pc:TextLine>
            <pc:TextLine id="region0003_line0013">
                <pc:AlternativeImage filename="OCR-D-SEG-LINE-RESEG-DEWARP/OCR-D-SEG-LINE-RESEG-DEWARP_p0030_region0003_region0003_line0013.IMG-DEWARP.png" comments="binarized,despeckled,binarized,dewarped"/>
                <pc:Coords points="414,1828 413,1827 424,1827 424,1834 424,1868 483,1868 483,1863 505,1863 505,1864 521,1864 521,1870 556,1870 556,1860 580,1860 580,1876 580,1881 616,1881 616,1862 620,1858 633,1858 632,1859 633,1863 637,1865 637,1889 654,1889 654,1865 655,1866 666,1862 668,1858 689,1858 689,1823 690,1823 690,1860 711,1860 711,1821 725,1821 725,1881 762,1882 762,1868 789,1868 789,1859 803,1859 807,1855 838,1855 838,1868 873,1868 873,1862 877,1858 897,1858 897,1853 900,1853 900,1873 930,1873 930,1850 939,1850 939,1839 930,1839 930,1823 942,1823 942,1817 946,1817 946,1869 992,1869 992,1872 1020,1872 1020,1867 1020,1851 1038,1851 1038,1855 1071,1855 1071,1850 1084,1850 1092,1850 1106,1850 1106,1833 1106,1833 1109,1836 1246,1841 1246,1841 1246,1841 1246,1847 1246,1851 1250,1851 1254,1851 1258,1851 1258,1849 1288,1849 1288,1855 1288,1856 1296,1856 1299,1856 1299,1853 1299,1848 1303,1846 1309,1829 1308,1828 1311,1828 1311,1828 1315,1832 1486,1834 1486,1834 1486,1834 1486,1849 1491,1849 1499,1849 1511,1849 1511,1830 1490,1830 1490,1830 1486,1826 1315,1824 1315,1824 1315,1824 1315,1818 1308,1818 1305,1818 1305,1821 1305,1825 1301,1827 1295,1844 1296,1845 1292,1845 1288,1841 1258,1841 1258,1837 1250,1837 1250,1837 1246,1833 1109,1828 1109,1828 1109,1828 1109,1821 1097,1821 1097,1824 1093,1828 1092,1828 1092,1811 1082,1811 1071,1811 1071,1808 1067,1808 1066,1807 1065,1808 1038,1808 1034,1812 1020,1812 1016,1812 1012,1808 1008,1812 1000,1812 1000,1805 946,1805 946,1809 942,1809 938,1813 931,1813 930,1812 926,1816 903,1816 900,1813 897,1816 897,1806 866,1806 866,1818 843,1818 843,1807 803,1807 803,1851 789,1851 789,1808 754,1808 754,1814 750,1818 729,1818 725,1813 711,1813 711,1811 690,1811 690,1815 689,1815 685,1819 665,1819 665,1855 664,1854 653,1858 651,1862 640,1862 641,1861 640,1857 636,1855 636,1837 640,1833 639,1832 639,1818 627,1818 627,1822 608,1822 608,1823 585,1823 585,1819 580,1819 554,1819 551,1816 547,1820 522,1820 521,1819 517,1823 510,1823 510,1819 505,1819 483,1819 483,1818 481,1818 478,1815 475,1818 424,1818 424,1826 413,1826 411,1823 406,1826 405,1829 406,1830 405,1830 381,1830 378,1827 374,1831 364,1831 362,1831 358,1827 354,1831 348,1831 334,1831 334,1822 331,1822 322,1822 316,1822 316,1832 312,1832 312,1820 298,1820 283,1820 279,1820 279,1824 279,1832 279,1840 279,1867 263,1867 263,1840 263,1836 259,1836 250,1836 250,1834 250,1826 212,1826 212,1830 212,1832 208,1836 194,1836 192,1836 188,1832 184,1836 159,1836 159,1859 159,1863 139,1863 135,1863 127,1863 127,1870 127,1874 131,1874 139,1874 139,1871 159,1871 159,1872 194,1872 194,1871 216,1871 216,1870 240,1870 240,1871 259,1871 263,1875 279,1875 280,1874 296,1874 296,1875 322,1875 322,1872 322,1868 326,1868 334,1868 334,1867 364,1867 364,1866 386,1866 386,1865 409,1865 409,1834 409,1833 413,1831"/>
                <pc:TextEquiv conf="0.979536950588226">
                    <pc:Unicode>nach ſeiner Nothdurt / uß Unſer Stadt.</pc:Unicode>
                </pc:TextEquiv>
            </pc:TextLine>
            <pc:TextLine id="region0003_line0014">
                <pc:AlternativeImage filename="OCR-D-SEG-LINE-RESEG-DEWARP/OCR-D-SEG-LINE-RESEG-DEWARP_p0030_region0003_region0003_line0014.IMG-DEWARP.png" comments="binarized,despeckled,binarized,dewarped"/>
                <pc:Coords points="153,1931 153,1935 157,1935 198,1935 199,1935 199,1932 203,1932 209,1932 212,1932 217,1932 233,1932 233,1927 233,1904 234,1904 234,1928 234,1931 280,1931 280,1929 301,1929 301,1928 302,1928 302,1935 322,1935 322,1929 354,1929 359,1929 377,1929 377,1928 389,1928 389,1927 395,1927 399,1931 402,1931 406,1927 435,1927 439,1927 461,1927 461,1926 473,1926 482,1926 496,1926 496,1924 501,1924 508,1924 515,1924 518,1927 522,1927 526,1923 540,1923 540,1922 544,1922 552,1922 559,1922 563,1926 567,1926 571,1922 621,1922 621,1921 635,1921 635,1934 657,1934 657,1927 685,1927 685,1919 691,1919 696,1919 719,1919 719,1884 729,1885 729,1919 753,1919 753,1918 769,1918 769,1917 778,1917 778,1916 783,1916 783,1921 812,1921 812,1917 821,1917 821,1922 846,1922 846,1915 861,1915 861,1914 880,1914 880,1915 902,1915 902,1914 914,1914 914,1913 921,1913 921,1927 944,1927 944,1916 950,1916 954,1912 975,1912 980,1912 984,1912 991,1912 994,1912 994,1913 1019,1913 1022,1916 1028,1916 1032,1912 1049,1912 1051,1912 1056,1912 1073,1912 1073,1911 1079,1911 1086,1911 1097,1911 1097,1882 1108,1882 1108,1912 1129,1912 1129,1913 1147,1913 1147,1918 1147,1926 1176,1926 1176,1911 1184,1911 1188,1915 1190,1915 1193,1912 1222,1912 1222,1918 1249,1918 1249,1911 1268,1911 1268,1916 1310,1916 1310,1910 1324,1910 1331,1910 1343,1910 1343,1917 1373,1917 1373,1916 1373,1910 1388,1910 1391,1910 1391,1909 1395,1909 1396,1909 1403,1909 1410,1909 1414,1913 1416,1913 1419,1910 1426,1910 1449,1910 1449,1909 1455,1909 1463,1909 1471,1909 1471,1911 1495,1911 1495,1895 1501,1895 1501,1878 1495,1878 1495,1874 1499,1874 1506,1874 1506,1864 1499,1864 1495,1864 1495,1869 1491,1869 1475,1869 1474,1868 1474,1862 1455,1862 1455,1869 1451,1873 1449,1873 1449,1872 1443,1872 1440,1869 1437,1872 1420,1872 1416,1872 1416,1876 1416,1905 1414,1905 1414,1876 1414,1871 1411,1871 1403,1871 1400,1871 1396,1867 1392,1871 1389,1871 1386,1871 1386,1872 1382,1872 1373,1872 1373,1862 1343,1862 1343,1868 1339,1872 1331,1872 1331,1861 1303,1861 1302,1861 1300,1859 1297,1862 1296,1863 1268,1863 1268,1869 1264,1873 1249,1873 1249,1864 1249,1863 1242,1863 1225,1863 1222,1860 1218,1864 1190,1864 1190,1870 1190,1878 1190,1907 1188,1907 1188,1878 1188,1874 1184,1874 1176,1874 1176,1873 1171,1873 1168,1870 1165,1873 1150,1873 1147,1870 1143,1874 1134,1874 1134,1865 1108,1865 1108,1870 1108,1874 1097,1874 1093,1874 1086,1874 1086,1873 1082,1873 1079,1870 1076,1873 1073,1873 1069,1869 1065,1873 1052,1873 1049,1870 1045,1874 1032,1874 1028,1874 1028,1878 1028,1908 1022,1908 1022,1878 1022,1870 1022,1867 1020,1867 994,1867 994,1871 991,1874 987,1874 984,1871 981,1874 978,1874 975,1871 971,1875 950,1875 950,1908 944,1908 944,1890 925,1890 925,1876 914,1876 911,1876 907,1872 903,1876 900,1876 898,1874 894,1878 884,1878 884,1869 854,1869 854,1874 850,1878 846,1878 846,1868 821,1868 821,1875 817,1879 812,1879 812,1878 807,1878 804,1875 801,1878 786,1878 783,1875 779,1879 778,1879 775,1879 771,1875 769,1877 769,1871 745,1871 745,1877 741,1881 733,1881 729,1877 719,1876 715,1880 693,1880 691,1878 687,1882 685,1882 685,1872 648,1872 648,1880 644,1884 643,1884 643,1883 638,1883 635,1880 632,1883 621,1883 621,1876 580,1876 567,1876 567,1882 567,1890 567,1918 563,1918 563,1917 563,1890 563,1886 559,1886 552,1886 548,1886 544,1882 540,1886 540,1877 522,1877 522,1883 522,1891 522,1919 518,1919 518,1891 518,1887 514,1887 508,1887 505,1887 501,1883 497,1887 496,1887 496,1884 493,1884 492,1883 491,1884 473,1884 469,1888 461,1888 459,1888 455,1884 451,1888 439,1888 439,1884 435,1884 402,1884 402,1887 402,1895 402,1923 399,1923 399,1895 399,1891 395,1891 389,1891 389,1890 385,1890 382,1887 379,1890 377,1890 377,1887 374,1887 373,1886 372,1887 354,1887 354,1888 354,1892 350,1892 321,1892 318,1892 318,1893 315,1893 315,1892 315,1883 301,1883 301,1881 294,1881 292,1879 290,1881 275,1881 271,1885 234,1885 234,1892 234,1896 233,1896 229,1896 213,1896 212,1895 212,1887 197,1887 195,1887 195,1889 191,1889 154,1889 153,1889 153,1892 135,1892 131,1892 123,1892 108,1892 108,1902 104,1906 96,1906 96,1893 69,1893 69,1948 96,1948 96,1935 108,1935 108,1947 135,1947 135,1939 135,1931 135,1900 153,1900"/>
                <pc:TextEquiv conf="0.978622436523438">
                    <pc:Unicode>() Die Boͤhmen waren in Meiſſen eingefallen, und von dem Churfuͤrſten mit</pc:Unicode>
                </pc:TextEquiv>
            </pc:TextLine>
            <pc:TextLine id="region0003_line0015">
                <pc:AlternativeImage filename="OCR-D-SEG-LINE-RESEG-DEWARP/OCR-D-SEG-LINE-RESEG-DEWARP_p0030_region0003_region0003_line0015.IMG-DEWARP.png" comments="binarized,despeckled,binarized,dewarped"/>
                <pc:Coords points="1436,1955 1452,1955 1456,1955 1478,1955 1478,1952 1482,1952 1485,1955 1485,1962 1501,1962 1501,1951 1495,1951 1495,1924 1478,1924 1478,1919 1456,1919 1456,1910 1449,1910 1430,1910 1430,1914 1430,1928 1430,1936 1430,1951 1418,1951 1418,1936 1418,1932 1414,1932 1402,1932 1398,1932 1398,1936 1398,1952 1393,1952 1393,1936 1393,1928 1393,1918 1382,1918 1382,1917 1378,1917 1375,1914 1373,1916 1372,1917 1371,1917 1371,1912 1352,1912 1352,1911 1351,1911 1348,1908 1345,1911 1326,1911 1326,1915 1322,1919 1313,1919 1312,1919 1308,1915 1304,1919 1293,1919 1293,1918 1292,1918 1289,1915 1286,1918 1257,1918 1254,1915 1240,1915 1236,1919 1228,1919 1228,1918 1224,1918 1221,1915 1218,1918 1214,1918 1212,1916 1208,1920 1205,1920 1205,1910 1190,1910 1188,1910 1180,1910 1180,1916 1176,1920 1163,1920 1160,1917 1156,1921 1156,1918 1149,1918 1148,1917 1147,1918 1117,1918 1115,1918 1115,1920 1111,1920 1102,1920 1102,1919 1101,1919 1095,1919 1081,1919 1081,1912 1073,1912 1055,1912 1055,1916 1055,1917 1051,1921 1035,1921 1035,1930 1035,1938 1035,1942 1025,1942 1025,1938 1025,1934 1021,1934 1020,1934 1020,1921 1002,1921 1001,1921 997,1917 993,1921 984,1921 984,1913 983,1913 958,1913 958,1918 954,1922 943,1922 941,1920 937,1924 931,1924 930,1923 930,1921 928,1921 927,1920 926,1921 894,1921 894,1956 881,1956 881,1923 857,1923 854,1920 850,1924 846,1924 846,1915 811,1915 811,1918 807,1922 795,1922 795,1913 770,1913 766,1917 734,1917 734,1923 721,1922 717,1926 709,1926 705,1926 701,1922 697,1926 695,1926 692,1923 688,1927 678,1927 674,1923 670,1927 653,1927 652,1926 648,1930 645,1930 645,1924 622,1924 622,1925 618,1929 605,1929 605,1920 588,1920 585,1917 581,1921 567,1921 563,1921 563,1942 561,1942 557,1946 554,1946 550,1942 548,1942 548,1923 522,1923 522,1933 516,1933 516,1932 512,1932 509,1929 506,1932 500,1932 500,1933 479,1933 475,1929 465,1929 465,1925 434,1925 434,1931 430,1935 416,1935 416,1927 402,1927 398,1927 398,1931 394,1935 380,1935 378,1933 374,1937 366,1937 365,1936 365,1928 320,1928 320,1934 305,1934 301,1938 293,1938 289,1938 285,1934 281,1938 275,1938 272,1935 268,1939 267,1939 263,1935 259,1939 254,1939 254,1930 235,1930 232,1927 228,1931 220,1931 220,1935 220,1938 216,1942 204,1942 200,1938 196,1942 184,1942 181,1939 177,1943 159,1943 159,1976 159,1984 159,1985 186,1985 186,1978 200,1978 204,1978 220,1978 220,1983 243,1983 243,1982 254,1982 254,1975 268,1975 268,1974 272,1974 281,1974 285,1974 293,1974 305,1974 305,1942 320,1942 320,1987 365,1987 365,1974 384,1974 384,1972 398,1972 398,1973 416,1973 416,1972 434,1972 434,1977 465,1977 465,1937 475,1937 475,1970 501,1970 504,1973 508,1969 509,1969 516,1969 522,1969 525,1972 529,1968 548,1968 548,1950 550,1950 550,1957 561,1957 561,1950 563,1950 563,1966 585,1966 589,1966 598,1966 598,1979 628,1979 628,1965 639,1965 645,1965 652,1965 652,1969 678,1969 678,1964 692,1964 697,1964 709,1964 709,1963 721,1963 721,1930 734,1931 734,1963 770,1963 774,1963 789,1963 789,1970 811,1970 811,1975 846,1975 846,1961 854,1961 859,1961 878,1961 881,1964 894,1964 898,1960 927,1960 930,1960 946,1960 946,1958 958,1958 958,1959 984,1959 984,1958 1002,1958 1002,1957 1020,1957 1020,1946 1021,1946 1025,1950 1035,1950 1035,1958 1060,1958 1060,1957 1077,1957 1077,1962 1102,1962 1102,1958 1115,1958 1115,1971 1156,1971 1156,1957 1160,1957 1160,1958 1180,1958 1180,1965 1205,1965 1205,1957 1217,1957 1217,1956 1228,1956 1228,1955 1240,1955 1240,1923 1254,1923 1254,1956 1289,1956 1289,1957 1313,1957 1313,1956 1326,1956 1326,1957 1350,1957 1352,1957 1352,1955 1365,1955 1371,1955 1375,1955 1375,1956 1389,1956 1393,1960 1398,1960 1407,1960 1418,1960 1418,1959 1430,1959 1434,1955"/>
                <pc:TextEquiv conf="0.995957911014557">
                    <pc:Unicode>groſſem Verluſt und blutigen Koͤpffen wieder abgewieſen worden, da⸗</pc:Unicode>
                </pc:TextEquiv>
            </pc:TextLine>
            <pc:TextLine id="region0003_line0016">
                <pc:AlternativeImage filename="OCR-D-SEG-LINE-RESEG-DEWARP/OCR-D-SEG-LINE-RESEG-DEWARP_p0030_region0003_region0003_line0016.IMG-DEWARP.png" comments="binarized,despeckled,binarized,dewarped"/>
                <pc:Coords points="1353,1962 1353,2003 1363,2003 1391,2003 1391,2000 1411,2000 1411,1999 1430,1999 1430,2000 1448,2000 1454,2000 1466,2000 1470,2000 1477,2000 1477,2001 1487,2001 1487,2003 1498,2003 1499,2003 1499,1990 1495,1990 1495,1963 1483,1963 1481,1963 1477,1959 1473,1963 1469,1963 1466,1960 1462,1964 1454,1964 1454,1959 1436,1959 1436,1955 1430,1955 1426,1955 1418,1955 1407,1955 1407,1960 1407,1961 1403,1965 1391,1965 1391,1958 1357,1958 1356,1958 1356,1955 1355,1954 1353,1954 1353,1954 1348,1954 1347,1955 1309,1955 1307,1953 1303,1957 1283,1957 1283,1961 1279,1965 1266,1965 1262,1961 1246,1961 1242,1965 1229,1965 1226,1962 1219,1962 1215,1966 1214,1966 1214,1964 1209,1964 1207,1962 1205,1964 1187,1964 1185,1962 1181,1966 1172,1966 1172,1956 1153,1956 1153,1967 1143,1967 1143,1966 1142,1966 1139,1963 1136,1966 1125,1966 1125,1957 1104,1957 1104,1956 1101,1956 1098,1953 1095,1956 1063,1956 1063,1960 1063,1999 1059,1999 1059,1965 1049,1965 1046,1965 1042,1961 1038,1965 1034,1965 1032,1963 1028,1967 1019,1967 1019,1958 1002,1958 993,1958 993,1964 989,1968 979,1968 979,1967 975,1967 972,1964 969,1967 959,1967 959,1958 934,1958 934,2001 924,2001 924,1968 915,1968 915,1967 911,1967 908,1964 905,1967 900,1967 897,1964 893,1968 883,1968 883,1958 846,1958 843,1955 839,1959 830,1959 830,1967 826,1971 819,1971 819,1969 817,1969 815,1967 813,1969 789,1969 788,1969 784,1965 780,1969 769,1969 769,2009 756,2009 756,1971 733,1971 730,1968 726,1972 724,1971 721,1971 717,1967 713,1971 710,1971 707,1968 703,1972 690,1972 688,1972 684,1968 680,1972 670,1972 667,1969 663,1973 656,1973 656,1969 650,1969 641,1969 641,1968 637,1968 634,1965 631,1968 616,1968 616,1972 612,1976 607,1976 607,1966 582,1966 582,1971 578,1975 574,1975 569,1975 566,1972 562,1976 553,1976 553,1968 506,1968 506,2011 505,2011 505,1978 493,1978 493,1969 458,1969 458,1976 454,1980 443,1980 443,1979 440,1979 437,1976 434,1979 422,1979 419,1976 415,1980 399,1980 396,1977 393,1977 389,1981 374,1981 370,1977 366,1981 363,1981 361,1981 357,1977 353,1981 350,1981 348,1979 344,1983 338,1983 338,1982 337,1982 334,1979 331,1982 319,1982 315,1978 312,1978 309,1981 291,1981 289,1979 285,1983 273,1983 269,1979 265,1983 238,1983 236,1981 225,1981 221,1985 201,1985 201,1987 189,1987 188,1986 188,1980 159,1980 159,1984 159,1985 159,2029 168,2029 188,2029 188,2023 203,2023 206,2026 210,2022 225,2022 225,1989 236,1989 236,2019 269,2019 273,2019 295,2019 295,2018 312,2018 312,1986 315,1986 315,2025 338,2025 338,2019 352,2019 352,2018 357,2018 363,2018 370,2018 373,2018 393,2018 393,1985 396,1985 396,2022 423,2022 423,2017 437,2017 443,2017 458,2017 458,2029 493,2029 493,2015 501,2015 505,2019 506,2019 510,2015 553,2015 553,2014 571,2014 571,2012 581,2012 584,2015 588,2011 603,2011 607,2011 621,2011 621,2010 634,2010 641,2010 650,2010 656,2010 672,2010 672,2009 684,2009 690,2009 711,2009 711,2008 717,2008 717,2009 730,2010 730,2014 753,2014 756,2017 769,2017 773,2013 789,2013 789,2007 815,2007 815,2008 830,2008 830,2014 843,2014 843,2023 883,2023 883,2005 897,2005 902,2005 908,2005 908,2006 921,2006 924,2009 934,2009 938,2005 955,2005 959,2005 972,2005 972,2009 998,2009 998,2005 1012,2005 1019,2005 1019,2004 1037,2004 1037,2003 1042,2003 1049,2003 1055,2003 1059,2007 1063,2007 1067,2003 1069,2003 1098,2003 1098,2009 1121,2009 1121,2020 1143,2020 1143,2003 1153,2003 1157,2007 1161,2003 1167,2003 1172,2003 1185,2003 1190,2003 1214,2003 1214,1977 1219,1977 1219,1970 1226,1970 1226,2006 1246,2006 1246,1969 1262,1969 1262,2002 1283,2002 1288,2002 1307,2002 1307,2009 1348,2009 1348,1962 1348,1959 1349,1958 1349,1960 1350,1961 1353,1961"/>
                <pc:TextEquiv conf="0.992645561695099">
                    <pc:Unicode>her war eine groſſe Verbitterung zwiſchen beyden Theilen; auch wollten</pc:Unicode>
                </pc:TextEquiv>
            </pc:TextLine>
            <pc:TextLine id="region0003_line0017">
                <pc:AlternativeImage filename="OCR-D-SEG-LINE-RESEG-DEWARP/OCR-D-SEG-LINE-RESEG-DEWARP_p0030_region0003_region0003_line0017.IMG-DEWARP.png" comments="binarized,despeckled,binarized,dewarped"/>
                <pc:Coords points="523,2058 529,2058 536,2058 536,2072 559,2072 559,2061 563,2057 571,2057 571,2071 598,2071 598,2062 602,2062 602,2069 613,2069 613,2061 616,2061 617,2060 617,2057 627,2057 630,2060 634,2056 637,2056 643,2056 658,2056 658,2062 698,2062 698,2042 700,2042 700,2051 711,2051 711,2042 714,2042 714,2052 737,2053 737,2069 780,2069 781,2070 782,2070 786,2066 832,2066 832,2060 843,2060 843,2062 864,2062 864,2069 892,2069 892,2049 901,2049 901,2052 924,2052 925,2052 938,2052 938,2062 964,2062 964,2063 990,2063 990,2055 994,2051 1011,2051 1012,2052 1014,2052 1018,2048 1026,2048 1026,2055 1036,2055 1036,2059 1048,2059 1049,2060 1050,2060 1052,2058 1061,2058 1069,2058 1070,2057 1080,2057 1088,2057 1109,2057 1109,2049 1119,2049 1125,2049 1141,2049 1141,2061 1183,2061 1188,2061 1214,2061 1214,2033 1221,2033 1221,2059 1249,2059 1249,2060 1266,2060 1266,2053 1270,2049 1276,2049 1286,2049 1289,2049 1293,2053 1297,2049 1309,2049 1309,2052 1332,2052 1332,2048 1344,2048 1344,2049 1351,2049 1355,2053 1365,2053 1365,2055 1392,2055 1392,2052 1401,2052 1401,2061 1430,2061 1430,2047 1448,2047 1450,2049 1454,2045 1469,2045 1473,2049 1477,2045 1481,2045 1498,2045 1498,2033 1522,2033 1526,2029 1527,2029 1535,2029 1535,2018 1526,2018 1522,2018 1522,2022 1522,2025 1498,2025 1498,2022 1498,2014 1498,2003 1498,2000 1469,2000 1469,2010 1446,2010 1446,2011 1430,2011 1430,2009 1426,2009 1424,2007 1422,2009 1404,2009 1401,2006 1397,2010 1393,2010 1392,2009 1392,2001 1365,2001 1365,2005 1365,2030 1365,2038 1365,2045 1355,2045 1355,2038 1355,2034 1351,2034 1349,2034 1349,2009 1348,2009 1329,2009 1326,2006 1322,2010 1313,2010 1313,2002 1286,2002 1286,2011 1276,2011 1276,2001 1255,2001 1255,2009 1221,2009 1221,2014 1218,2017 1214,2014 1214,2010 1188,2010 1188,2001 1141,2001 1141,2009 1137,2013 1125,2013 1125,2003 1109,2003 1108,2003 1104,1999 1100,2003 1069,2003 1069,2039 1069,2047 1069,2050 1061,2050 1061,2047 1061,2043 1057,2043 1054,2043 1050,2043 1050,2047 1050,2052 1049,2052 1049,2047 1049,2040 1048,2040 1040,2040 1036,2036 1032,2040 1030,2040 1027,2037 1027,2033 1018,2033 1014,2033 1014,2037 1014,2044 1012,2044 1012,2037 1012,2029 1012,2005 1012,2003 985,2003 985,2011 967,2011 964,2008 960,2012 938,2012 938,2028 934,2032 928,2032 925,2029 925,2013 908,2013 908,2008 892,2008 892,2005 886,2005 885,2004 884,2005 864,2005 864,2013 860,2017 851,2017 851,2010 832,2010 832,2005 782,2005 782,2062 781,2062 781,2020 744,2020 744,2014 714,2013 714,2034 711,2034 707,2038 704,2038 700,2034 698,2034 698,2007 658,2007 658,2015 654,2019 643,2019 643,2018 640,2018 637,2015 634,2018 624,2018 624,2019 614,2019 614,2055 611,2055 610,2056 610,2058 606,2058 602,2054 598,2054 598,2020 574,2020 571,2017 567,2021 554,2021 554,2022 540,2022 536,2018 532,2022 529,2022 529,2021 526,2021 523,2018 520,2021 514,2021 514,2024 507,2024 507,2014 471,2014 471,2022 467,2026 462,2026 462,2025 460,2025 457,2022 454,2025 443,2025 443,2017 389,2017 389,2034 385,2038 381,2038 379,2036 379,2026 367,2026 364,2023 360,2027 353,2027 353,2028 340,2028 340,2019 314,2019 314,2061 309,2061 309,2043 301,2043 299,2041 299,2027 289,2027 286,2027 282,2023 278,2027 273,2027 272,2026 268,2030 255,2030 254,2029 251,2026 248,2029 229,2029 227,2027 211,2027 207,2031 193,2031 193,2022 169,2022 169,2028 168,2029 165,2032 161,2032 161,2069 161,2071 161,2076 164,2076 179,2076 179,2069 188,2069 193,2069 211,2069 211,2035 227,2035 227,2067 254,2067 254,2066 272,2066 275,2066 289,2066 289,2064 297,2064 297,2074 309,2074 309,2069 314,2069 318,2065 340,2065 340,2064 355,2064 358,2067 362,2063 364,2063 364,2064 379,2064 379,2050 389,2050 389,2063 443,2063 443,2062 462,2062 462,2061 471,2061 471,2067 507,2067 507,2059 515,2059 518,2062 522,2058"/>
                <pc:TextEquiv conf="0.942781209945679">
                    <pc:Unicode>ſie von den Meiſſeneru noch 64. Stgdte und ., chloſſer wieder heraus</pc:Unicode>
                </pc:TextEquiv>
            </pc:TextLine>
            <pc:TextLine id="region0003_line0018">
                <pc:AlternativeImage filename="OCR-D-SEG-LINE-RESEG-DEWARP/OCR-D-SEG-LINE-RESEG-DEWARP_p0030_region0003_region0003_line0018.IMG-DEWARP.png" comments="binarized,despeckled,binarized,dewarped"/>
                <pc:Coords points="1068,2059 1070,2061 1070,2067 1080,2067 1080,2061 1080,2057 1088,2057 1088,2061 1088,2064 1092,2064 1092,2090 1092,2094 1111,2094 1111,2102 1131,2102 1131,2104 1155,2104 1155,2095 1172,2095 1172,2094 1190,2094 1194,2094 1212,2094 1212,2099 1240,2099 1240,2070 1256,2070 1256,2057 1268,2057 1268,2101 1288,2101 1288,2100 1300,2100 1300,2094 1308,2094 1308,2105 1344,2105 1344,2094 1350,2094 1353,2094 1357,2098 1361,2094 1367,2094 1367,2093 1384,2093 1388,2093 1402,2093 1402,2099 1420,2099 1421,2099 1425,2103 1429,2099 1446,2099 1446,2092 1462,2092 1466,2096 1470,2092 1481,2092 1481,2091 1500,2091 1500,2060 1500,2054 1520,2054 1520,2056 1524,2056 1531,2056 1531,2050 1531,2046 1527,2046 1520,2046 1520,2052 1500,2052 1500,2050 1496,2050 1481,2050 1481,2045 1462,2045 1462,2055 1448,2055 1446,2053 1446,2048 1420,2048 1420,2055 1405,2055 1402,2052 1398,2056 1388,2056 1388,2047 1365,2047 1362,2047 1362,2048 1358,2048 1355,2048 1350,2048 1350,2055 1344,2055 1344,2044 1308,2044 1308,2051 1304,2055 1296,2055 1293,2052 1289,2056 1288,2056 1288,2046 1268,2046 1268,2049 1256,2049 1252,2053 1242,2053 1240,2051 1236,2055 1215,2055 1212,2052 1208,2056 1193,2056 1190,2053 1186,2057 1172,2057 1172,2056 1169,2056 1166,2053 1163,2056 1155,2056 1155,2051 1139,2051 1139,2048 1132,2048 1131,2047 1130,2048 1111,2048 1111,2050 1107,2054 1100,2054 1100,2052 1094,2052 1092,2050 1090,2052 1088,2052 1088,2053 1080,2053 1076,2057 1074,2057 1070,2053 1069,2053 1069,2054 1068,2055 1066,2053 1065,2053 1063,2054 1062,2056 1050,2056 1049,2056 1044,2056 1044,2048 1014,2048 1012,2048 1005,2048 1005,2054 992,2054 988,2058 975,2058 975,2052 953,2052 953,2058 940,2058 940,2049 914,2049 914,2058 909,2058 909,2057 906,2057 903,2054 900,2057 893,2057 893,2060 873,2060 873,2056 868,2056 851,2056 851,2059 833,2059 830,2056 826,2060 817,2060 813,2056 809,2060 796,2060 796,2059 792,2059 789,2056 786,2059 765,2059 765,2061 750,2061 746,2057 720,2056 720,2053 694,2053 694,2063 688,2063 687,2063 683,2059 679,2063 672,2063 672,2064 650,2064 647,2061 633,2061 629,2065 613,2065 613,2061 609,2061 587,2061 587,2063 583,2067 582,2067 582,2058 549,2058 549,2064 545,2068 541,2068 540,2067 540,2059 515,2059 515,2065 503,2065 503,2066 498,2066 497,2066 493,2062 489,2066 470,2066 470,2102 454,2102 454,2070 435,2070 435,2062 397,2062 394,2059 390,2063 379,2063 379,2072 365,2072 365,2071 364,2071 361,2068 358,2071 333,2071 329,2067 327,2067 326,2068 317,2068 317,2076 315,2076 305,2082 304,2085 286,2085 286,2109 283,2106 277,2106 277,2073 265,2073 263,2073 259,2069 255,2073 249,2073 249,2075 237,2075 237,2069 233,2069 233,2067 229,2067 227,2065 225,2067 210,2067 210,2073 206,2077 191,2077 191,2070 164,2070 164,2076 164,2116 164,2123 191,2123 191,2116 210,2116 210,2119 233,2119 233,2112 251,2112 253,2114 257,2110 259,2110 259,2123 277,2123 277,2114 283,2114 283,2122 294,2122 294,2118 298,2114 299,2115 299,2122 310,2122 310,2111 307,2111 307,2088 309,2089 319,2083 320,2079 327,2079 327,2075 329,2075 329,2109 361,2109 365,2109 379,2109 380,2109 384,2113 388,2109 394,2109 394,2121 435,2121 435,2107 451,2107 454,2110 470,2110 474,2106 498,2106 498,2104 503,2104 505,2104 509,2108 513,2104 515,2104 516,2104 520,2108 524,2104 537,2104 537,2105 549,2105 549,2118 582,2118 582,2102 587,2102 587,2108 613,2108 613,2102 633,2102 633,2069 647,2069 647,2101 673,2101 676,2104 680,2100 683,2100 683,2116 706,2116 706,2103 710,2099 720,2099 720,2064 746,2065 746,2099 769,2099 772,2102 776,2098 789,2098 789,2113 817,2113 817,2097 830,2097 830,2103 856,2103 856,2102 860,2098 873,2098 873,2096 893,2096 896,2099 900,2095 903,2095 903,2096 914,2096 915,2096 919,2100 923,2096 936,2096 936,2109 958,2109 958,2098 962,2094 969,2094 969,2095 992,2095 992,2062 1005,2062 1005,2095 1012,2095 1038,2095 1044,2095 1062,2095 1065,2095 1065,2090 1065,2061 1066,2061"/>
                <pc:TextEquiv conf="0.990652561187744">
                    <pc:Unicode>haben, welche unbillige und ungegrundete An rderung inſonderheit</pc:Unicode>
                </pc:TextEquiv>
            </pc:TextLine>
            <pc:TextLine id="region0003_line0019">
                <pc:AlternativeImage filename="OCR-D-SEG-LINE-RESEG-DEWARP/OCR-D-SEG-LINE-RESEG-DEWARP_p0030_region0003_region0003_line0019.IMG-DEWARP.png" comments="binarized,despeckled,binarized,dewarped"/>
                <pc:Coords points="450,2105 450,2113 446,2117 427,2117 425,2115 421,2119 418,2119 418,2112 385,2112 385,2113 381,2117 370,2117 370,2108 320,2108 320,2111 316,2115 316,2122 304,2122 304,2116 270,2116 270,2117 266,2121 264,2121 260,2117 256,2121 245,2121 245,2122 236,2122 235,2121 235,2110 205,2110 205,2112 201,2116 164,2116 158,2116 158,2172 161,2172 209,2172 209,2156 232,2156 235,2156 245,2156 246,2156 250,2160 254,2156 263,2156 263,2154 270,2154 270,2170 304,2170 304,2130 316,2130 320,2126 320,2157 370,2157 370,2156 391,2156 391,2153 414,2153 414,2163 432,2163 432,2151 450,2151 450,2153 465,2153 472,2153 491,2153 491,2162 550,2162 550,2156 558,2156 558,2153 563,2153 567,2149 576,2149 577,2149 581,2153 585,2149 610,2149 611,2150 621,2150 621,2161 635,2161 635,2154 639,2150 676,2150 677,2150 677,2145 699,2145 699,2151 716,2151 716,2152 733,2152 733,2146 776,2146 776,2145 793,2145 793,2148 829,2148 829,2121 833,2121 833,2156 855,2156 855,2157 871,2157 871,2148 893,2148 893,2147 906,2147 906,2151 933,2151 933,2141 953,2141 953,2140 958,2140 964,2140 974,2140 974,2107 986,2107 986,2141 1008,2141 1008,2146 1030,2146 1030,2141 1032,2141 1053,2141 1054,2142 1063,2142 1067,2138 1067,2141 1088,2141 1099,2141 1099,2148 1126,2148 1126,2139 1130,2139 1130,2154 1149,2154 1149,2140 1161,2140 1161,2147 1184,2147 1184,2140 1200,2140 1205,2140 1217,2140 1217,2148 1249,2148 1249,2140 1266,2140 1266,2139 1272,2139 1279,2139 1280,2139 1280,2149 1295,2149 1295,2147 1318,2147 1318,2119 1320,2119 1320,2148 1329,2148 1329,2185 1358,2185 1358,2139 1362,2139 1362,2145 1388,2145 1388,2138 1400,2138 1400,2144 1415,2144 1415,2137 1419,2137 1419,2145 1439,2145 1439,2138 1455,2138 1455,2144 1473,2144 1489,2144 1489,2133 1500,2133 1500,2105 1489,2105 1489,2092 1481,2092 1455,2092 1455,2097 1451,2101 1438,2101 1436,2099 1432,2103 1431,2103 1431,2092 1413,2092 1413,2096 1410,2099 1407,2096 1403,2100 1388,2100 1388,2092 1362,2092 1362,2098 1358,2102 1358,2090 1329,2090 1329,2111 1325,2115 1324,2115 1320,2111 1318,2111 1318,2107 1294,2107 1294,2130 1290,2134 1289,2134 1289,2101 1279,2101 1276,2101 1272,2097 1268,2101 1266,2101 1262,2097 1258,2101 1252,2101 1252,2097 1249,2097 1249,2092 1217,2092 1217,2097 1213,2101 1205,2101 1205,2091 1179,2091 1177,2089 1173,2093 1161,2093 1161,2098 1157,2102 1149,2102 1145,2098 1141,2102 1139,2102 1139,2101 1133,2101 1130,2098 1127,2101 1126,2100 1126,2094 1106,2094 1103,2094 1099,2090 1095,2094 1088,2094 1071,2094 1067,2094 1067,2098 1067,2123 1065,2125 1063,2127 1063,2131 1063,2134 1054,2134 1054,2131 1054,2123 1054,2102 1029,2102 1026,2099 1022,2103 1012,2103 1012,2095 1012,2094 986,2094 986,2099 974,2099 970,2103 964,2103 962,2103 958,2099 954,2103 950,2103 947,2100 943,2104 933,2104 929,2100 925,2104 913,2104 910,2104 906,2100 902,2104 894,2104 890,2100 886,2104 871,2104 871,2103 870,2103 867,2100 864,2103 859,2103 855,2099 855,2097 833,2097 829,2101 822,2101 822,2103 818,2107 796,2107 793,2104 789,2108 775,2108 772,2105 768,2109 733,2109 733,2099 699,2098 699,2106 695,2110 678,2110 677,2109 677,2101 625,2101 625,2146 621,2142 611,2142 611,2113 576,2113 576,2114 563,2114 563,2145 558,2145 551,2145 550,2144 550,2114 494,2114 491,2111 487,2115 472,2115 472,2105"/>
                <pc:TextEquiv conf="0.944415628910065">
                    <pc:Unicode>Ronig Ladis laus in Bohmen / gegen den Chnrfuͤrſten ſehr heff⸗</pc:Unicode>
                </pc:TextEquiv>
            </pc:TextLine>
            <pc:TextLine id="region0003_line0020">
                <pc:AlternativeImage filename="OCR-D-SEG-LINE-RESEG-DEWARP/OCR-D-SEG-LINE-RESEG-DEWARP_p0030_region0003_region0003_line0020.IMG-DEWARP.png" comments="binarized,despeckled,binarized,dewarped"/>
                <pc:Coords points="709,2151 709,2152 690,2152 689,2151 685,2155 676,2155 676,2150 676,2146 650,2146 650,2152 646,2156 636,2156 633,2153 629,2157 623,2157 621,2155 619,2153 617,2155 589,2155 585,2151 583,2151 581,2153 559,2153 559,2154 555,2158 544,2158 540,2154 538,2156 530,2156 530,2157 514,2157 513,2156 509,2160 499,2160 498,2159 498,2150 479,2150 479,2148 476,2148 474,2146 472,2148 451,2148 451,2155 447,2159 433,2159 433,2161 418,2161 418,2151 392,2151 392,2155 385,2155 381,2159 370,2159 370,2172 373,2172 373,2175 362,2175 361,2167 357,2163 357,2157 343,2157 343,2162 325,2162 325,2154 299,2154 299,2159 295,2163 282,2163 278,2167 272,2167 272,2163 256,2163 256,2159 250,2159 233,2159 233,2162 223,2162 219,2166 196,2166 195,2165 191,2169 187,2169 186,2168 186,2164 161,2164 161,2172 161,2205 183,2205 186,2205 195,2205 195,2209 220,2209 223,2209 223,2170 233,2170 233,2200 250,2200 250,2201 264,2201 268,2201 268,2202 286,2202 286,2200 304,2200 304,2199 320,2199 325,2199 335,2199 335,2203 347,2203 347,2189 344,2189 344,2171 348,2167 353,2167 354,2175 358,2179 358,2201 377,2201 377,2179 381,2175 381,2172 385,2172 385,2163 392,2163 392,2195 388,2195 388,2211 399,2211 399,2202 403,2198 413,2198 413,2212 439,2212 439,2200 439,2199 439,2195 443,2195 451,2195 451,2197 474,2197 479,2197 495,2197 495,2201 495,2210 518,2210 518,2195 536,2195 536,2170 540,2166 540,2195 562,2195 562,2192 583,2192 583,2159 585,2159 585,2194 619,2194 619,2200 638,2200 638,2194 638,2192 650,2192 650,2193 676,2193 676,2192 694,2192 694,2190 713,2190 713,2156 716,2153 716,2156 716,2195 735,2196 735,2191 735,2190 749,2190 749,2189 754,2189 754,2190 795,2190 795,2156 798,2156 798,2190 835,2190 835,2203 858,2203 858,2190 871,2190 871,2188 884,2188 884,2192 902,2192 902,2201 916,2201 916,2187 926,2187 928,2191 934,2193 935,2192 935,2199 945,2199 945,2189 941,2189 941,2185 955,2185 955,2202 982,2202 982,2186 985,2186 985,2196 1017,2196 1017,2153 1018,2153 1018,2162 1018,2163 1019,2163 1022,2166 1022,2200 1043,2200 1043,2190 1043,2166 1047,2162 1047,2159 1056,2159 1056,2186 1066,2186 1071,2186 1071,2187 1075,2191 1079,2187 1079,2186 1090,2186 1090,2187 1109,2187 1109,2233 1137,2233 1137,2187 1146,2187 1146,2185 1151,2185 1151,2186 1165,2186 1168,2186 1173,2186 1181,2186 1191,2186 1191,2185 1206,2185 1206,2186 1215,2186 1215,2192 1234,2192 1234,2155 1238,2151 1242,2151 1243,2152 1243,2185 1264,2185 1264,2186 1289,2186 1289,2185 1303,2185 1309,2185 1327,2185 1327,2181 1333,2181 1333,2192 1351,2192 1351,2191 1355,2187 1357,2187 1358,2188 1362,2184 1363,2184 1363,2190 1386,2190 1386,2191 1399,2191 1399,2184 1437,2184 1440,2187 1444,2183 1461,2183 1461,2182 1463,2182 1463,2190 1482,2190 1482,2178 1501,2178 1501,2154 1520,2153 1524,2149 1530,2149 1530,2138 1520,2138 1520,2145 1501,2146 1497,2150 1483,2150 1482,2149 1479,2146 1476,2149 1473,2149 1473,2144 1473,2141 1462,2141 1461,2140 1461,2134 1435,2134 1435,2139 1394,2139 1394,2174 1392,2176 1392,2148 1372,2148 1372,2138 1355,2138 1355,2176 1346,2176 1346,2177 1337,2177 1333,2173 1327,2173 1327,2147 1306,2147 1303,2144 1299,2148 1290,2148 1289,2147 1289,2135 1264,2135 1264,2144 1260,2148 1247,2148 1247,2138 1232,2138 1232,2147 1223,2147 1219,2147 1215,2143 1211,2147 1210,2147 1210,2140 1185,2140 1185,2144 1181,2148 1181,2140 1165,2140 1165,2144 1161,2148 1160,2148 1160,2143 1148,2143 1148,2147 1142,2147 1141,2146 1137,2150 1137,2142 1112,2142 1109,2139 1105,2143 1094,2143 1090,2139 1088,2141 1086,2143 1066,2143 1066,2144 1066,2148 1062,2148 1060,2148 1057,2145 1057,2143 1037,2143 1037,2159 1039,2159 1039,2162 1032,2162 1032,2141 1032,2138 1018,2138 1018,2145 1017,2145 1013,2149 994,2149 989,2149 985,2145 981,2149 980,2149 977,2146 973,2150 962,2150 962,2140 937,2140 937,2181 934,2184 930,2183 929,2184 929,2150 911,2150 907,2146 903,2150 888,2150 884,2146 880,2150 867,2150 866,2149 862,2153 858,2153 858,2150 854,2150 853,2149 852,2150 839,2150 839,2142 798,2142 798,2148 795,2148 791,2152 758,2152 754,2148 750,2152 749,2152 745,2152 741,2148 737,2152 735,2152 733,2152 729,2148 725,2151 719,2151 716,2148 714,2148 713,2147"/>
                <pc:TextEquiv conf="0.93421858549118">
                    <pc:Unicode>tig triebe, daruͤber es wieder zum Kriege kam worinnen aber ie Boͤh—</pc:Unicode>
                </pc:TextEquiv>
            </pc:TextLine>
            <pc:TextLine id="region0003_line0021">
                <pc:AlternativeImage filename="OCR-D-SEG-LINE-RESEG-DEWARP/OCR-D-SEG-LINE-RESEG-DEWARP_p0030_region0003_region0003_line0021.IMG-DEWARP.png" comments="binarized,despeckled,binarized,dewarped"/>
                <pc:Coords points="476,2239 476,2247 495,2247 499,2247 500,2247 500,2242 512,2242 512,2241 516,2241 519,2241 519,2245 534,2245 534,2243 534,2240 551,2240 554,2240 576,2240 576,2242 576,2247 610,2247 610,2239 612,2239 622,2239 622,2238 634,2238 640,2238 652,2238 656,2242 660,2238 668,2238 668,2237 675,2237 679,2241 694,2241 702,2241 710,2241 714,2245 738,2245 738,2251 764,2251 764,2235 779,2235 784,2235 803,2235 803,2236 827,2236 827,2234 833,2234 833,2245 851,2245 851,2232 863,2232 863,2239 874,2239 874,2234 896,2234 896,2233 901,2233 907,2233 910,2233 910,2234 930,2234 930,2241 950,2241 951,2242 951,2241 953,2241 953,2240 957,2240 958,2240 975,2240 975,2237 986,2237 986,2193 990,2193 990,2244 1031,2244 1031,2239 1045,2239 1045,2233 1056,2233 1056,2239 1071,2239 1071,2237 1075,2237 1079,2233 1085,2233 1119,2233 1119,2191 1132,2191 1132,2239 1155,2239 1155,2241 1178,2241 1178,2232 1193,2232 1196,2235 1200,2231 1210,2231 1210,2233 1251,2233 1251,2232 1268,2232 1268,2208 1273,2208 1273,2204 1277,2204 1277,2211 1288,2211 1288,2204 1289,2202 1291,2204 1293,2204 1297,2200 1306,2200 1306,2231 1349,2231 1353,2231 1368,2231 1368,2230 1381,2230 1387,2230 1387,2236 1407,2236 1407,2234 1411,2230 1428,2230 1428,2187 1443,2187 1443,2230 1462,2230 1462,2227 1475,2227 1475,2225 1490,2225 1490,2224 1504,2224 1504,2205 1504,2201 1508,2201 1511,2201 1512,2202 1532,2202 1532,2209 1544,2209 1544,2198 1536,2198 1532,2194 1512,2194 1512,2190 1495,2190 1494,2190 1494,2193 1490,2193 1490,2191 1483,2191 1482,2190 1481,2189 1479,2191 1475,2191 1474,2191 1470,2187 1466,2191 1463,2191 1462,2190 1462,2183 1447,2183 1443,2179 1428,2179 1425,2182 1404,2182 1404,2194 1398,2194 1398,2184 1389,2184 1389,2179 1363,2179 1359,2183 1353,2183 1349,2179 1345,2183 1310,2183 1309,2182 1309,2179 1306,2179 1293,2179 1293,2196 1291,2196 1291,2185 1280,2185 1280,2199 1277,2196 1273,2196 1273,2191 1268,2191 1268,2183 1251,2183 1251,2182 1249,2182 1246,2179 1243,2182 1210,2182 1210,2189 1206,2193 1190,2193 1190,2194 1178,2194 1177,2194 1173,2190 1169,2194 1159,2194 1159,2186 1135,2186 1132,2183 1119,2183 1115,2187 1090,2187 1075,2187 1075,2220 1075,2228 1075,2229 1071,2229 1071,2228 1071,2224 1067,2224 1064,2224 1064,2190 1043,2190 1040,2190 1040,2192 1036,2196 1031,2196 1031,2189 994,2189 990,2185 986,2185 984,2187 969,2187 969,2189 967,2189 963,2193 948,2193 948,2195 940,2195 940,2190 936,2190 926,2190 910,2190 910,2192 907,2195 904,2195 901,2192 898,2195 896,2195 896,2193 892,2193 890,2191 888,2193 866,2193 866,2224 864,2225 863,2224 851,2224 851,2196 839,2196 839,2194 835,2194 833,2192 831,2194 822,2194 818,2198 807,2198 806,2197 806,2196 805,2196 803,2194 801,2196 780,2196 779,2195 775,2199 764,2199 764,2190 738,2190 738,2194 738,2209 738,2217 738,2235 738,2237 714,2237 714,2234 714,2216 714,2212 710,2212 698,2212 694,2212 694,2216 694,2233 679,2233 679,2216 679,2208 679,2200 668,2200 666,2200 662,2196 658,2200 654,2200 652,2200 652,2202 648,2202 640,2202 640,2200 640,2198 634,2198 617,2198 613,2202 610,2202 610,2192 580,2192 576,2188 572,2192 551,2192 547,2196 530,2196 530,2200 526,2204 524,2204 523,2204 519,2200 515,2204 512,2204 509,2201 505,2205 500,2205 499,2205 495,2201 491,2205 480,2205 476,2201 474,2203 469,2203 465,2203 465,2207 465,2211 460,2211 460,2207 460,2200 459,2200 439,2200 438,2200 438,2199 437,2199 434,2196 431,2199 425,2199 424,2198 424,2197 423,2197 421,2195 419,2197 399,2197 399,2206 384,2206 384,2205 382,2205 379,2202 376,2205 347,2205 344,2202 340,2206 326,2206 326,2207 313,2207 311,2205 311,2199 287,2199 287,2210 270,2210 266,2206 248,2206 244,2210 236,2210 235,2210 231,2206 227,2210 221,2210 220,2209 216,2213 204,2213 201,2210 197,2214 194,2214 192,2214 188,2210 184,2214 162,2214 162,2247 158,2251 158,2252 92,2252 92,2251 88,2251 82,2251 82,2252 82,2260 82,2262 82,2263 92,2263 92,2260 92,2255 161,2255 162,2256 166,2252 166,2251 194,2251 194,2250 199,2250 205,2250 205,2249 224,2249 224,2248 236,2248 236,2247 248,2247 248,2214 266,2214 266,2246 288,2246 291,2249 295,2245 311,2245 311,2244 329,2244 332,2247 336,2243 344,2243 344,2244 379,2244 379,2250 401,2250 404,2253 408,2249 417,2249 424,2249 424,2241 434,2241 434,2242 460,2242 460,2219 465,2219 469,2215 476,2215"/>
                <pc:TextEquiv conf="0.949634611606598">
                    <pc:Unicode>men abermahts einbuͤſſeten, davon unte mit m hrerin.Siehe in⸗</pc:Unicode>
                </pc:TextEquiv>
            </pc:TextLine>
            <pc:TextLine id="region0003_line0022">
                <pc:AlternativeImage filename="OCR-D-SEG-LINE-RESEG-DEWARP/OCR-D-SEG-LINE-RESEG-DEWARP_p0030_region0003_region0003_line0022.IMG-DEWARP.png" comments="binarized,despeckled,binarized,dewarped"/>
                <pc:Coords points="532,2237 531,2243 514,2243 510,2239 506,2243 503,2243 499,2239 495,2239 491,2243 473,2243 469,2240 465,2244 438,2244 438,2271 434,2275 428,2275 428,2251 417,2251 417,2249 413,2249 411,2247 409,2249 401,2248 397,2252 385,2252 381,2248 379,2250 358,2250 358,2269 341,2268 345,2268 345,2255 341,2255 341,2243 305,2243 301,2247 278,2247 278,2287 281,2287 281,2291 276,2291 271,2287 271,2255 258,2255 254,2251 250,2255 245,2255 245,2258 234,2258 234,2248 201,2248 201,2256 197,2260 185,2260 185,2252 92,2252 88,2256 82,2256 82,2262 5,2272 2,2276 0,2276 0,2307 6,2307 6,2280 83,2270 86,2266 92,2266 92,2260 158,2260 158,2296 201,2296 201,2303 234,2303 234,2293 244,2293 248,2297 252,2293 268,2292 272,2295 272,2306 285,2306 285,2295 289,2291 289,2287 305,2287 305,2294 341,2294 341,2285 353,2285 353,2277 358,2277 358,2289 405,2289 405,2287 428,2288 428,2283 434,2283 434,2287 445,2287 445,2283 469,2283 469,2248 470,2289 495,2289 495,2247 499,2247 499,2281 536,2282 537,2243 540,2246 540,2303 574,2303 574,2251 575,2281 690,2279 690,2258 700,2258 700,2250 702,2250 702,2282 765,2284 765,2288 806,2289 810,2285 826,2285 826,2281 836,2281 836,2262 841,2259 841,2287 883,2287 883,2280 951,2279 951,2240 958,2240 958,2278 1041,2278 1041,2287 1064,2287 1064,2283 1077,2283 1077,2240 1079,2241 1087,2236 1087,2280 1102,2280 1102,2288 1146,2288 1146,2240 1149,2240 1149,2278 1259,2278 1259,2248 1261,2248 1261,2272 1306,2272 1309,2275 1313,2271 1321,2271 1321,2284 1352,2284 1352,2271 1361,2271 1361,2260 1366,2260 1366,2270 1433,2271 1433,2269 1451,2269 1464,2267 1505,2268 1505,2243 1510,2243 1510,2233 1504,2233 1500,2229 1496,2233 1488,2233 1487,2229 1445,2230 1445,2236 1441,2240 1433,2240 1433,2229 1411,2229 1408,2226 1404,2230 1395,2230 1392,2227 1388,2231 1368,2231 1366,2229 1362,2233 1360,2233 1360,2245 1366,2245 1366,2252 1361,2252 1357,2256 1352,2256 1352,2232 1325,2232 1321,2228 1317,2232 1308,2232 1308,2238 1304,2242 1296,2242 1296,2231 1261,2230 1257,2234 1253,2234 1253,2239 1246,2239 1242,2235 1241,2236 1241,2234 1218,2234 1218,2231 1214,2230 1192,2230 1188,2234 1180,2234 1180,2230 1149,2230 1149,2232 1146,2232 1142,2236 1106,2236 1106,2231 1088,2231 1083,2229 1075,2233 1074,2237 1064,2237 1064,2232 1045,2232 1041,2228 1038,2231 1021,2231 1021,2239 1017,2243 1005,2243 1005,2230 958,2230 958,2232 951,2232 947,2236 938,2236 937,2233 934,2232 915,2233 911,2229 907,2233 898,2233 898,2241 884,2241 883,2232 841,2232 841,2237 836,2241 833,2241 833,2251 839,2252 836,2253 833,2259 826,2259 826,2234 765,2235 765,2238 761,2242 748,2242 748,2235 702,2234 702,2242 700,2242 696,2246 693,2246 690,2243 690,2239 648,2239 647,2271 647,2240 611,2240 611,2242 578,2242 580,2240 576,2236 572,2240 575,2243 545,2243 545,2240 541,2236 538,2239 538,2237"/>
                <pc:TextEquiv conf="0.908515512943268">
                    <pc:Unicode>deſſen Si. von BtRRcREN Sachſ. Held. Saaͤl. im Leben Fria. Placid</pc:Unicode>
                </pc:TextEquiv>
            </pc:TextLine>
            <pc:TextLine id="region0003_line0023">
                <pc:AlternativeImage filename="OCR-D-SEG-LINE-RESEG-DEWARP/OCR-D-SEG-LINE-RESEG-DEWARP_p0030_region0003_region0003_line0023.IMG-DEWARP.png" comments="binarized,despeckled,binarized,dewarped"/>
                <pc:Coords points="682,2286 646,2286 643,2283 640,2283 636,2287 622,2287 619,2287 619,2288 615,2288 604,2288 600,2284 598,2284 594,2288 574,2288 566,2288 562,2284 540,2284 540,2288 539,2288 535,2288 520,2288 520,2292 520,2296 516,2296 495,2296 495,2289 495,2288 479,2288 477,2288 473,2284 470,2287 469,2288 446,2288 446,2291 442,2295 436,2295 436,2306 435,2307 435,2312 430,2312 428,2310 428,2289 407,2289 384,2289 384,2293 384,2297 368,2297 364,2297 356,2297 352,2293 348,2297 343,2297 340,2297 340,2298 336,2298 325,2298 322,2298 322,2299 318,2299 318,2294 318,2289 298,2289 298,2297 294,2301 283,2301 283,2303 274,2303 270,2299 266,2303 254,2303 254,2296 235,2296 235,2303 214,2303 212,2301 209,2304 208,2305 179,2305 178,2304 178,2297 160,2297 160,2301 6,2301 4,2304 3,2303 -1,2307 1,2309 0,2309 0,2323 5,2323 5,2313 5,2309 6,2308 6,2309 160,2309 160,2313 160,2344 178,2344 178,2343 179,2343 187,2343 212,2343 212,2347 238,2347 238,2344 238,2340 242,2340 250,2340 254,2340 274,2340 274,2339 284,2339 287,2339 287,2338 291,2338 294,2338 305,2338 305,2343 326,2343 326,2340 337,2340 338,2340 348,2340 348,2335 352,2335 356,2335 368,2335 368,2305 384,2305 384,2328 426,2328 428,2328 439,2328 439,2316 443,2312 443,2307 446,2307 446,2327 473,2327 479,2327 488,2327 488,2329 488,2341 503,2341 504,2341 526,2341 526,2333 526,2330 526,2326 530,2326 539,2326 539,2296 540,2296 544,2292 562,2292 562,2303 562,2327 598,2327 598,2292 600,2292 600,2326 627,2326 627,2321 627,2317 631,2317 640,2317 640,2291 643,2291 643,2321 643,2325 647,2325 686,2325 686,2294 689,2294 689,2324 723,2324 724,2324 747,2325 747,2294 747,2290 748,2291 748,2294 748,2301 751,2301 751,2324 774,2324 774,2288 774,2287 794,2287 794,2288 794,2325 794,2337 832,2337 832,2334 850,2334 850,2331 850,2325 850,2321 854,2321 867,2321 882,2321 888,2321 891,2321 891,2320 895,2320 904,2320 909,2320 925,2320 925,2319 930,2319 934,2319 938,2319 942,2319 956,2319 960,2319 971,2319 971,2307 975,2305 977,2295 976,2294 985,2294 987,2294 987,2330 1004,2330 1016,2330 1016,2324 1020,2320 1030,2320 1030,2331 1052,2331 1052,2332 1063,2332 1067,2336 1072,2336 1076,2332 1084,2332 1098,2332 1098,2322 1118,2322 1118,2323 1133,2323 1133,2303 1127,2303 1128,2302 1137,2302 1137,2292 1151,2292 1151,2323 1193,2323 1193,2319 1193,2298 1193,2294 1197,2294 1204,2294 1204,2282 1204,2279 1210,2279 1210,2282 1210,2319 1243,2319 1243,2318 1255,2318 1255,2303 1244,2303 1243,2302 1243,2294 1243,2290 1249,2290 1253,2290 1260,2290 1264,2294 1268,2294 1268,2322 1268,2329 1296,2329 1296,2319 1297,2319 1317,2319 1317,2318 1328,2318 1331,2318 1331,2316 1349,2316 1354,2316 1370,2316 1379,2316 1383,2316 1391,2316 1394,2316 1394,2315 1398,2315 1401,2315 1401,2316 1407,2316 1424,2316 1428,2316 1428,2278 1428,2271 1429,2271 1429,2274 1433,2278 1433,2325 1462,2325 1471,2325 1471,2321 1471,2313 1484,2313 1489,2313 1495,2313 1499,2317 1536,2317 1539,2314 1547,2314 1547,2303 1540,2303 1536,2303 1536,2307 1536,2309 1499,2309 1499,2307 1499,2299 1499,2298 1489,2298 1489,2284 1471,2284 1471,2274 1437,2274 1437,2271 1433,2267 1430,2270 1428,2270 1401,2270 1401,2273 1397,2277 1388,2277 1388,2281 1384,2285 1371,2285 1370,2284 1366,2288 1354,2288 1354,2276 1333,2276 1331,2274 1331,2273 1330,2273 1329,2272 1328,2273 1314,2273 1311,2270 1307,2274 1293,2274 1291,2272 1287,2276 1271,2276 1268,2276 1268,2281 1268,2286 1264,2286 1264,2281 1264,2277 1260,2277 1259,2277 1249,2277 1249,2281 1249,2282 1243,2282 1243,2278 1214,2278 1210,2274 1204,2274 1202,2276 1191,2276 1187,2280 1151,2280 1151,2284 1137,2284 1133,2288 1124,2288 1124,2298 1123,2298 1123,2289 1121,2289 1098,2289 1098,2287 1094,2287 1092,2285 1090,2287 1072,2287 1072,2300 1072,2308 1072,2328 1067,2328 1067,2308 1067,2304 1063,2304 1057,2304 1057,2289 1034,2289 1030,2285 1026,2289 1014,2289 1011,2289 1011,2290 1007,2290 991,2290 987,2286 985,2286 985,2283 973,2283 973,2291 969,2293 967,2303 968,2304 960,2304 960,2279 951,2279 938,2279 938,2283 938,2311 934,2311 934,2304 925,2304 925,2288 909,2288 909,2285 905,2285 904,2284 903,2285 886,2285 886,2286 886,2290 882,2290 882,2287 882,2279 841,2279 841,2283 833,2283 832,2282 829,2279 826,2282 797,2282 794,2279 774,2279 770,2283 751,2283 751,2286 749,2288 748,2286 747,2286 747,2285 727,2285 723,2280 721,2282 720,2283 690,2283 689,2283 689,2286 686,2286"/>
                <pc:TextEquiv conf="0.910146534442902">
                    <pc:Unicode>imgleichen M. Petri vVNZ1II Diſſert. I. pag. 5o &amp; B. parentis o.</pc:Unicode>
                </pc:TextEquiv>
            </pc:TextLine>
            <pc:TextLine id="region0003_line0024">
                <pc:AlternativeImage filename="OCR-D-SEG-LINE-RESEG-DEWARP/OCR-D-SEG-LINE-RESEG-DEWARP_p0030_region0003_region0003_line0024.IMG-DEWARP.png" comments="binarized,despeckled,binarized,dewarped"/>
                <pc:Coords points="684,2329 681,2329 647,2329 643,2329 643,2331 639,2331 632,2331 629,2328 625,2332 597,2332 594,2332 594,2337 594,2368 567,2368 567,2337 567,2333 563,2333 549,2333 545,2329 541,2329 537,2333 526,2333 508,2333 504,2329 503,2329 499,2333 484,2333 473,2333 469,2333 469,2337 469,2370 467,2370 467,2337 467,2333 463,2333 437,2333 434,2333 434,2334 430,2334 407,2334 403,2330 401,2330 397,2334 380,2334 378,2334 378,2336 376,2336 372,2336 351,2336 341,2336 338,2333 337,2333 333,2337 320,2337 317,2334 313,2338 308,2338 304,2334 300,2338 298,2338 298,2342 298,2355 297,2354 279,2361 277,2365 270,2365 270,2352 249,2352 246,2349 242,2353 233,2353 233,2354 229,2354 229,2353 228,2353 225,2350 222,2353 211,2353 211,2344 187,2344 185,2344 183,2342 180,2345 179,2346 158,2346 158,2386 199,2386 199,2383 203,2383 203,2393 209,2393 217,2393 229,2393 229,2389 229,2381 232,2381 233,2381 242,2381 250,2381 250,2380 266,2380 270,2380 280,2380 280,2368 281,2369 299,2362 301,2358 304,2358 304,2377 329,2377 329,2354 337,2354 337,2341 337,2340 338,2340 338,2341 338,2376 373,2376 376,2376 376,2371 376,2344 378,2344 378,2371 378,2375 382,2375 401,2375 401,2338 403,2338 403,2386 411,2386 433,2386 436,2386 436,2385 440,2385 467,2385 467,2378 469,2378 473,2374 503,2374 503,2341 503,2337 504,2337 504,2341 504,2373 541,2373 541,2337 545,2337 545,2378 545,2381 548,2381 551,2381 566,2381 567,2381 567,2376 594,2376 598,2372 606,2372 629,2372 629,2386 638,2386 650,2386 651,2386 651,2376 651,2372 655,2372 684,2372 684,2338 698,2338 698,2385 718,2385 719,2386 731,2386 731,2371 750,2371 750,2348 767,2348 767,2384 807,2384 807,2369 817,2369 817,2370 836,2370 836,2379 860,2379 860,2366 867,2366 867,2376 888,2376 888,2367 911,2367 911,2366 934,2366 934,2365 941,2365 947,2365 965,2365 965,2373 990,2373 990,2370 1004,2370 1008,2366 1044,2366 1044,2367 1063,2367 1063,2368 1063,2377 1073,2377 1090,2377 1090,2375 1108,2375 1110,2375 1114,2375 1118,2375 1128,2375 1128,2377 1150,2377 1153,2377 1153,2376 1157,2376 1209,2376 1209,2356 1212,2356 1212,2354 1225,2354 1225,2365 1244,2365 1249,2365 1263,2365 1263,2366 1263,2370 1267,2370 1288,2370 1304,2370 1304,2364 1317,2364 1317,2340 1317,2332 1317,2328 1321,2328 1321,2330 1321,2332 1321,2336 1324,2336 1324,2337 1324,2345 1332,2345 1332,2363 1373,2363 1373,2362 1393,2362 1393,2361 1403,2361 1403,2358 1403,2350 1403,2349 1404,2350 1416,2346 1416,2350 1416,2354 1419,2354 1419,2355 1419,2371 1428,2371 1440,2371 1448,2371 1448,2359 1462,2359 1462,2370 1486,2370 1490,2370 1490,2366 1490,2359 1502,2359 1502,2333 1502,2333 1505,2336 1579,2344 1579,2344 1579,2344 1579,2349 1579,2352 1582,2352 1589,2352 1589,2340 1583,2340 1583,2340 1579,2336 1505,2328 1505,2328 1505,2328 1505,2325 1505,2322 1502,2322 1498,2322 1495,2319 1491,2323 1486,2323 1485,2322 1481,2326 1475,2326 1463,2326 1462,2325 1458,2329 1445,2329 1443,2327 1439,2331 1424,2331 1424,2316 1424,2315 1410,2315 1410,2319 1410,2331 1415,2331 1419,2335 1419,2338 1417,2340 1414,2338 1402,2342 1400,2346 1393,2346 1393,2319 1380,2319 1373,2319 1371,2319 1367,2315 1363,2319 1332,2319 1329,2322 1328,2323 1324,2323 1321,2320 1317,2320 1313,2324 1304,2324 1304,2322 1300,2322 1298,2322 1296,2320 1294,2322 1268,2322 1263,2322 1263,2330 1259,2334 1249,2334 1249,2323 1225,2323 1225,2342 1225,2346 1212,2346 1209,2346 1209,2345 1209,2324 1197,2324 1143,2324 1143,2329 1139,2333 1137,2333 1137,2329 1128,2329 1108,2329 1108,2332 1104,2336 1090,2336 1088,2336 1084,2332 1080,2336 1068,2336 1068,2328 1067,2328 1050,2328 1050,2326 1046,2326 1044,2324 1042,2326 1004,2326 1004,2330 1004,2331 1004,2339 1004,2362 990,2362 990,2339 990,2335 986,2335 970,2335 969,2335 965,2331 961,2335 947,2335 947,2325 934,2325 933,2325 929,2321 925,2325 905,2325 905,2332 901,2336 888,2336 888,2334 884,2334 882,2332 880,2334 873,2334 873,2328 853,2328 850,2331 849,2332 836,2332 836,2334 832,2338 825,2338 821,2338 817,2334 813,2338 807,2338 807,2329 790,2329 767,2329 767,2336 767,2340 750,2340 746,2340 731,2340 731,2335 731,2331 727,2331 727,2331 698,2330 684,2330"/>
                <pc:TextEquiv conf="0.910242795944214">
                    <pc:Unicode>Mnr. TRILLERI Diſſ. de Gratitudine Magnatum reali &amp;c. vas.</pc:Unicode>
                </pc:TextEquiv>
            </pc:TextLine>
            <pc:TextLine id="region0003_line0025">
                <pc:AlternativeImage filename="OCR-D-SEG-LINE-RESEG-DEWARP/OCR-D-SEG-LINE-RESEG-DEWARP_p0030_region0003_region0003_line0025.IMG-DEWARP.png" comments="binarized,despeckled,binarized,dewarped"/>
                <pc:Coords points="564,2378 562,2381 556,2381 555,2380 539,2380 536,2383 536,2384 535,2384 530,2384 527,2381 467,2381 465,2383 419,2383 418,2382 414,2386 414,2387 411,2387 407,2387 407,2391 407,2395 407,2395 405,2395 374,2414 373,2417 373,2417 365,2417 365,2423 358,2423 355,2426 352,2426 352,2426 348,2422 313,2421 313,2421 313,2421 313,2410 301,2410 300,2409 300,2396 272,2396 272,2397 260,2397 260,2385 236,2385 232,2385 232,2389 232,2410 232,2414 222,2414 218,2414 213,2414 213,2404 213,2400 209,2400 184,2400 182,2398 178,2402 159,2402 159,2434 186,2434 186,2432 213,2432 213,2429 222,2429 222,2422 232,2422 232,2428 246,2428 246,2435 246,2439 250,2439 273,2439 275,2441 279,2437 300,2437 300,2425 309,2425 309,2425 313,2429 348,2430 348,2430 348,2430 348,2436 354,2436 358,2436 358,2432 358,2431 365,2431 369,2427 376,2427 376,2420 376,2420 378,2420 409,2401 410,2398 410,2398 418,2398 418,2391 422,2387 422,2386 433,2386 436,2389 440,2385 463,2385 467,2389 527,2389 527,2391 527,2395 539,2395 539,2388 539,2387 541,2388 547,2385 548,2381 551,2381 555,2385 555,2388 555,2392 566,2392 566,2385 566,2381 567,2381 598,2381 600,2380 602,2382 602,2385 602,2395 615,2395 615,2388 615,2384 629,2384 629,2386 638,2386 640,2388 640,2394 647,2394 649,2398 710,2413 711,2412 711,2420 717,2420 721,2420 721,2416 721,2413 725,2409 726,2394 726,2393 730,2394 730,2387 730,2386 731,2386 731,2383 767,2383 767,2384 807,2384 807,2383 836,2383 840,2379 856,2379 860,2383 1058,2383 1060,2381 1062,2381 1069,2381 1069,2377 1073,2377 1090,2377 1090,2375 1108,2375 1110,2375 1112,2377 1116,2377 1118,2375 1128,2375 1128,2377 1150,2377 1156,2377 1157,2376 1208,2376 1209,2377 1234,2377 1234,2392 1249,2392 1249,2386 1256,2386 1256,2389 1264,2389 1268,2393 1270,2393 1270,2402 1270,2406 1266,2406 1264,2406 1264,2417 1275,2417 1275,2415 1275,2411 1279,2411 1292,2411 1292,2410 1306,2410 1306,2398 1310,2394 1319,2394 1323,2398 1415,2398 1415,2401 1428,2401 1428,2410 1440,2410 1440,2375 1440,2371 1448,2371 1462,2371 1463,2370 1478,2370 1478,2371 1479,2372 1479,2375 1479,2399 1500,2399 1500,2392 1500,2388 1504,2388 1515,2388 1515,2382 1521,2382 1521,2374 1532,2374 1532,2377 1544,2377 1544,2368 1544,2365 1541,2365 1532,2365 1532,2366 1521,2366 1517,2370 1515,2370 1515,2368 1510,2368 1508,2366 1506,2368 1495,2368 1494,2368 1494,2371 1486,2371 1486,2370 1482,2366 1480,2368 1479,2367 1466,2367 1462,2363 1448,2363 1444,2367 1440,2367 1440,2364 1428,2364 1428,2371 1428,2382 1424,2386 1419,2386 1415,2386 1415,2390 1323,2390 1323,2382 1323,2368 1313,2368 1313,2367 1307,2367 1301,2367 1297,2371 1289,2371 1289,2373 1285,2373 1270,2373 1270,2374 1270,2382 1270,2385 1268,2385 1268,2382 1268,2378 1264,2378 1261,2378 1261,2374 1261,2370 1257,2370 1249,2370 1248,2369 1244,2373 1238,2373 1234,2369 1209,2369 1069,2369 1069,2368 1063,2368 1058,2368 1058,2375 860,2375 857,2378 840,2378 836,2375 807,2375 803,2379 803,2379 771,2379 767,2375 731,2375 727,2379 729,2380 726,2383 719,2382 719,2386 719,2389 719,2392 718,2393 717,2409 717,2409 715,2409 714,2409 712,2405 651,2390 650,2391 650,2386 650,2384 644,2384 640,2380 633,2380 629,2376 615,2376 613,2378 606,2378 603,2378 602,2377 598,2373 567,2373 563,2377"/>
                <pc:TextEquiv conf="0.75227689743042">
                    <pc:Unicode>20. ſqq</pc:Unicode>
                </pc:TextEquiv>
            </pc:TextLine>
            <pc:TextLine id="region0003_line0026">
                <pc:AlternativeImage filename="OCR-D-SEG-LINE-RESEG-DEWARP/OCR-D-SEG-LINE-RESEG-DEWARP_p0030_region0003_region0003_line0026.IMG-DEWARP.png" comments="binarized,despeckled,binarized,dewarped"/>
                <pc:Coords points="145,2452 122,2452 120,2450 116,2454 67,2454 67,2508 120,2508 120,2509 147,2509 149,2509 149,2503 149,2502 149,2494 149,2456 168,2456 168,2494 168,2498 172,2498 200,2498 210,2498 213,2501 217,2497 224,2497 228,2497 244,2497 244,2501 269,2501 269,2493 276,2493 276,2495 305,2495 305,2491 331,2491 331,2490 346,2490 346,2503 375,2503 375,2496 375,2491 379,2491 379,2487 384,2487 407,2487 410,2487 428,2487 428,2486 434,2486 442,2486 451,2486 452,2486 456,2486 456,2499 462,2499 502,2499 502,2486 506,2482 512,2482 512,2502 537,2502 537,2488 543,2488 543,2483 559,2483 567,2483 573,2483 579,2483 589,2483 589,2497 613,2497 613,2536 644,2536 644,2484 655,2484 655,2492 672,2492 672,2491 672,2482 679,2482 683,2486 685,2486 689,2482 703,2482 703,2482 727,2483 727,2482 741,2482 741,2494 768,2494 768,2480 770,2480 770,2484 785,2484 789,2484 801,2484 805,2484 805,2478 820,2478 823,2478 823,2477 827,2477 834,2477 842,2477 846,2481 855,2481 858,2478 859,2478 881,2478 881,2476 896,2476 899,2476 902,2476 915,2476 915,2475 922,2475 926,2479 930,2479 933,2476 965,2476 971,2476 991,2476 995,2476 998,2476 998,2480 1013,2480 1013,2482 1027,2482 1027,2484 1029,2484 1037,2484 1037,2479 1037,2475 1045,2475 1049,2475 1068,2475 1072,2475 1092,2475 1092,2474 1098,2474 1098,2475 1116,2475 1116,2440 1118,2440 1118,2477 1154,2477 1154,2479 1180,2479 1180,2476 1199,2476 1199,2479 1232,2479 1232,2474 1254,2474 1254,2473 1256,2473 1256,2477 1296,2477 1296,2471 1310,2471 1310,2474 1335,2474 1342,2474 1345,2474 1349,2470 1369,2470 1369,2468 1387,2468 1387,2467 1399,2467 1399,2468 1425,2468 1425,2466 1444,2466 1444,2477 1479,2477 1479,2465 1485,2465 1485,2478 1516,2478 1516,2476 1516,2474 1519,2474 1523,2474 1523,2470 1523,2436 1516,2436 1516,2427 1491,2427 1491,2422 1479,2422 1479,2419 1470,2419 1468,2419 1444,2419 1444,2425 1444,2429 1440,2429 1423,2429 1420,2429 1420,2430 1416,2430 1409,2430 1409,2421 1380,2421 1380,2427 1380,2431 1376,2431 1366,2431 1363,2431 1363,2432 1359,2432 1349,2432 1345,2432 1345,2436 1345,2466 1342,2466 1342,2436 1342,2428 1310,2428 1310,2429 1310,2433 1306,2433 1295,2433 1292,2433 1292,2434 1288,2434 1259,2434 1256,2434 1256,2435 1254,2435 1254,2433 1254,2429 1232,2429 1232,2424 1199,2424 1199,2431 1199,2435 1195,2435 1180,2435 1180,2434 1175,2434 1172,2431 1169,2434 1160,2434 1160,2426 1118,2426 1118,2432 1116,2432 1112,2436 1106,2436 1106,2435 1101,2435 1098,2432 1095,2435 1090,2435 1089,2434 1085,2438 1072,2438 1072,2436 1070,2436 1068,2434 1066,2436 1045,2436 1045,2467 1037,2467 1034,2470 1033,2470 1033,2436 1015,2436 1013,2436 1013,2438 1009,2438 1006,2438 1006,2437 1001,2437 995,2437 991,2433 987,2437 971,2437 971,2429 930,2429 930,2433 930,2441 930,2471 926,2471 926,2441 926,2437 922,2437 915,2437 915,2436 912,2436 909,2433 906,2436 900,2436 899,2436 899,2439 895,2439 881,2439 881,2437 879,2437 877,2435 875,2437 857,2437 855,2437 855,2443 855,2473 846,2473 846,2443 846,2439 842,2439 834,2439 834,2438 830,2438 824,2438 820,2438 818,2438 818,2440 814,2440 805,2440 805,2439 803,2439 800,2436 797,2439 787,2439 785,2439 785,2441 781,2441 779,2441 779,2440 773,2440 768,2440 768,2439 768,2428 741,2428 741,2439 741,2443 737,2443 727,2443 727,2435 685,2434 685,2478 683,2478 683,2444 672,2444 669,2444 665,2440 661,2444 657,2444 655,2444 655,2446 651,2446 644,2446 644,2435 617,2435 613,2435 609,2435 593,2435 589,2431 585,2435 573,2435 573,2443 573,2447 569,2447 567,2447 563,2447 559,2443 555,2447 543,2447 543,2446 542,2446 539,2443 537,2445 537,2435 522,2435 522,2433 514,2433 512,2431 510,2433 496,2433 496,2434 496,2438 492,2438 456,2438 456,2472 453,2475 452,2473 452,2447 442,2447 438,2447 434,2443 430,2447 428,2447 425,2444 421,2448 411,2448 410,2447 410,2440 384,2440 384,2475 384,2479 379,2479 375,2479 375,2439 362,2439 354,2439 346,2439 346,2446 342,2450 329,2450 327,2448 323,2452 309,2452 305,2448 305,2446 276,2446 276,2452 272,2456 269,2456 269,2446 250,2446 244,2446 244,2448 244,2454 244,2458 240,2458 228,2458 228,2448 210,2448 209,2448 209,2451 205,2451 171,2451 168,2448 149,2448"/>
                <pc:TextEquiv conf="0.916536033153534">
                    <pc:Unicode>() Dieſes auf den Bohmiſchen Graͤnten von Kut von Kautungen erkaufte</pc:Unicode>
                </pc:TextEquiv>
            </pc:TextLine>
            <pc:TextLine id="region0003_line0027">
                <pc:AlternativeImage filename="OCR-D-SEG-LINE-RESEG-DEWARP/OCR-D-SEG-LINE-RESEG-DEWARP_p0030_region0003_region0003_line0027.IMG-DEWARP.png" comments="binarized,despeckled,binarized,dewarped"/>
                <pc:Coords points="806,2524 867,2523 867,2529 888,2529 888,2522 895,2522 895,2492 900,2492 900,2544 939,2544 939,2577 988,2577 988,2481 1004,2481 1004,2523 1043,2523 1043,2528 1068,2528 1068,2520 1075,2520 1075,2529 1110,2530 1110,2525 1114,2521 1142,2521 1142,2529 1168,2529 1168,2510 1176,2510 1176,2508 1181,2508 1181,2525 1209,2525 1209,2519 1227,2518 1227,2532 1260,2532 1260,2506 1269,2506 1269,2523 1294,2523 1294,2516 1302,2516 1302,2523 1335,2523 1335,2521 1343,2521 1343,2533 1362,2533 1362,2505 1354,2505 1354,2502 1360,2502 1364,2498 1369,2498 1369,2529 1422,2529 1422,2520 1455,2520 1455,2510 1464,2510 1464,2516 1503,2516 1504,2524 1515,2524 1515,2513 1511,2513 1511,2486 1520,2486 1520,2479 1533,2478 1533,2487 1553,2487 1553,2474 1535,2474 1533,2472 1520,2472 1517,2473 1517,2476 1513,2476 1511,2474 1511,2470 1470,2470 1470,2465 1455,2465 1451,2461 1447,2465 1422,2465 1415,2464 1412,2461 1409,2464 1369,2464 1369,2476 1365,2480 1360,2480 1360,2494 1354,2494 1354,2478 1335,2478 1335,2469 1302,2469 1302,2476 1298,2480 1294,2480 1294,2471 1269,2471 1269,2479 1265,2482 1262,2479 1260,2479 1260,2472 1227,2472 1227,2477 1223,2481 1217,2480 1214,2477 1211,2480 1209,2480 1209,2476 1181,2476 1181,2500 1168,2500 1168,2482 1146,2482 1142,2478 1138,2482 1091,2483 1088,2480 1084,2484 1079,2484 1075,2480 1071,2484 1068,2484 1064,2480 1060,2484 1046,2484 1043,2481 1039,2485 1029,2485 1029,2477 1008,2477 1004,2473 988,2473 985,2476 943,2476 939,2472 935,2476 900,2476 900,2484 882,2484 878,2480 874,2484 869,2484 867,2482 863,2486 853,2486 852,2477 828,2477 828,2483 824,2487 809,2487 809,2483 804,2480 802,2483 784,2482 784,2488 770,2488 766,2484 763,2487 749,2487 749,2480 704,2479 704,2532 685,2532 685,2491 672,2491 668,2487 664,2491 661,2491 658,2488 654,2492 637,2492 636,2530 634,2526 624,2524 623,2525 623,2494 607,2494 603,2490 600,2493 594,2493 594,2484 579,2484 575,2480 572,2483 554,2483 554,2491 547,2491 542,2487 539,2490 531,2490 531,2496 515,2496 511,2492 508,2495 505,2495 505,2484 475,2484 475,2488 471,2492 462,2492 462,2539 447,2539 447,2535 444,2535 444,2496 404,2496 402,2494 398,2498 386,2498 386,2496 382,2494 380,2496 374,2496 370,2492 366,2496 355,2496 351,2500 349,2500 345,2496 341,2500 336,2500 336,2491 311,2491 311,2497 292,2497 288,2501 268,2501 264,2497 260,2501 253,2501 249,2497 204,2498 204,2506 157,2507 157,2536 97,2536 97,2532 83,2532 83,2551 97,2551 97,2544 231,2544 231,2505 249,2505 249,2546 270,2546 270,2541 292,2541 292,2505 311,2505 311,2545 336,2545 336,2537 355,2536 355,2538 376,2538 376,2534 382,2534 382,2538 406,2538 406,2536 432,2536 435,2539 435,2546 447,2546 447,2544 462,2544 466,2540 475,2540 475,2544 505,2544 505,2535 511,2535 511,2542 536,2542 536,2528 555,2529 558,2532 562,2528 620,2528 622,2532 632,2534 633,2533 633,2540 639,2540 643,2544 647,2540 662,2540 662,2529 668,2529 668,2543 685,2543 685,2540 749,2542 749,2526 766,2526 766,2535 792,2535 792,2525 801,2525 801,2491 801,2484 802,2488 806,2490"/>
                <pc:TextEquiv conf="0.844753503799438">
                    <pc:Unicode>und zu ſeiem ſchgndlic en Vort abes ſehr beaueme und feſte Schlos</pc:Unicode>
                </pc:TextEquiv>
            </pc:TextLine>
            <pc:TextLine id="region0003_line0028">
                <pc:AlternativeImage filename="OCR-D-SEG-LINE-RESEG-DEWARP/OCR-D-SEG-LINE-RESEG-DEWARP_p0030_region0003_region0003_line0028.IMG-DEWARP.png" comments="binarized,despeckled,binarized,dewarped"/>
                <pc:Coords points="540,2575 562,2575 562,2577 590,2577 590,2575 598,2575 598,2583 627,2583 627,2547 628,2547 628,2593 644,2593 644,2587 644,2584 646,2584 646,2584 647,2584 649,2584 649,2583 653,2583 671,2583 671,2577 684,2577 685,2577 685,2574 689,2574 699,2574 700,2574 703,2574 707,2574 720,2574 723,2574 723,2569 723,2545 723,2540 739,2540 739,2542 739,2570 739,2574 743,2574 767,2574 767,2572 773,2572 773,2573 789,2573 789,2539 789,2536 792,2539 819,2539 819,2572 845,2572 845,2571 861,2571 861,2574 887,2574 887,2549 894,2549 894,2547 900,2547 904,2543 904,2544 904,2580 943,2580 944,2580 944,2571 950,2571 950,2577 960,2577 960,2567 954,2567 950,2563 944,2563 944,2533 959,2533 959,2541 972,2541 972,2537 975,2537 975,2570 988,2570 1002,2570 1002,2571 1031,2571 1031,2573 1057,2573 1057,2568 1077,2568 1077,2576 1109,2576 1109,2534 1109,2532 1111,2532 1113,2534 1134,2534 1134,2569 1161,2569 1161,2565 1175,2565 1175,2570 1188,2570 1200,2570 1229,2570 1229,2562 1245,2562 1245,2565 1259,2565 1262,2565 1262,2564 1266,2564 1278,2564 1281,2564 1281,2563 1285,2563 1301,2563 1301,2561 1316,2561 1316,2563 1332,2563 1332,2560 1344,2560 1344,2536 1350,2536 1353,2536 1353,2533 1358,2533 1358,2535 1361,2538 1361,2539 1361,2564 1372,2564 1372,2581 1395,2581 1395,2547 1397,2547 1397,2549 1405,2549 1405,2556 1410,2556 1410,2558 1401,2558 1401,2570 1414,2570 1414,2562 1418,2558 1418,2556 1427,2556 1431,2556 1452,2556 1452,2555 1454,2555 1454,2562 1475,2562 1475,2558 1475,2554 1479,2554 1492,2554 1494,2554 1494,2552 1498,2552 1506,2552 1506,2554 1517,2554 1517,2550 1527,2550 1531,2546 1538,2546 1538,2543 1538,2539 1540,2539 1540,2537 1540,2529 1530,2529 1530,2531 1530,2535 1527,2535 1527,2536 1527,2542 1517,2542 1516,2543 1513,2543 1513,2528 1513,2517 1490,2517 1490,2518 1470,2518 1470,2520 1466,2520 1466,2510 1448,2510 1448,2516 1444,2520 1431,2520 1431,2511 1405,2511 1405,2529 1405,2535 1401,2539 1397,2539 1395,2539 1395,2535 1395,2534 1402,2534 1402,2529 1402,2522 1395,2522 1392,2522 1388,2518 1384,2522 1372,2522 1372,2529 1372,2531 1368,2535 1366,2535 1365,2535 1361,2531 1353,2531 1353,2519 1342,2519 1341,2518 1337,2522 1328,2522 1325,2519 1321,2523 1319,2523 1316,2520 1312,2524 1302,2524 1301,2523 1301,2516 1274,2516 1274,2527 1258,2527 1258,2528 1249,2528 1248,2527 1248,2525 1246,2525 1245,2524 1244,2525 1229,2525 1229,2516 1190,2516 1188,2514 1184,2518 1181,2518 1175,2518 1175,2523 1171,2527 1168,2527 1161,2527 1161,2526 1160,2526 1157,2523 1154,2526 1142,2526 1136,2526 1134,2526 1113,2526 1111,2528 1110,2527 1110,2525 1111,2524 1109,2524 1105,2528 1078,2528 1077,2527 1073,2531 1057,2531 1053,2527 1049,2531 1035,2531 1033,2529 1033,2523 1002,2523 1002,2529 998,2533 979,2533 975,2529 972,2529 963,2529 959,2525 944,2525 943,2526 904,2526 904,2535 900,2535 900,2539 894,2539 890,2539 887,2539 887,2530 864,2530 861,2527 857,2531 845,2531 845,2524 845,2523 819,2523 819,2527 819,2531 792,2531 789,2531 785,2535 781,2535 777,2535 773,2531 769,2535 766,2535 763,2532 759,2536 743,2536 739,2532 723,2532 719,2536 704,2536 703,2536 700,2536 700,2537 696,2537 686,2537 682,2537 682,2539 672,2539 671,2538 671,2529 644,2529 644,2533 635,2533 635,2531 630,2531 628,2529 627,2530 627,2528 623,2528 622,2527 621,2528 598,2528 598,2532 598,2534 594,2538 590,2538 586,2534 582,2538 566,2538 562,2534 558,2538 544,2538 540,2534 536,2534 533,2534 533,2531 506,2531 506,2539 490,2539 490,2540 480,2540 479,2539 476,2536 473,2539 462,2539 447,2539 445,2539 442,2536 436,2536 436,2534 430,2534 427,2537 427,2540 426,2540 424,2540 420,2536 416,2536 413,2536 412,2537 406,2537 393,2537 390,2534 387,2537 382,2536 376,2540 375,2543 374,2543 343,2543 339,2547 337,2547 337,2545 333,2541 331,2543 329,2545 329,2547 327,2547 323,2547 320,2547 320,2548 313,2548 308,2548 304,2544 300,2548 295,2548 294,2547 294,2540 263,2540 263,2548 259,2552 239,2552 237,2552 233,2548 229,2552 228,2552 228,2541 196,2541 194,2539 190,2543 159,2543 158,2542 155,2545 154,2546 150,2542 139,2542 136,2545 131,2545 127,2541 114,2541 111,2544 107,2544 103,2544 103,2548 103,2554 114,2554 114,2549 127,2549 127,2557 139,2557 139,2550 150,2550 150,2558 158,2558 158,2599 203,2599 203,2594 228,2594 228,2590 239,2590 239,2588 268,2588 268,2587 294,2587 294,2586 304,2586 313,2586 324,2586 326,2586 326,2584 330,2584 343,2584 343,2592 378,2592 378,2547 378,2546 380,2546 386,2542 386,2541 387,2542 387,2547 387,2548 390,2548 390,2588 413,2588 413,2544 416,2544 418,2542 420,2544 420,2551 430,2551 430,2544 430,2543 433,2543 435,2541 435,2544 442,2544 442,2546 442,2578 479,2578 479,2577 490,2577 494,2577 498,2577 509,2577 512,2577 512,2576 516,2576 533,2576 533,2542 536,2542 540,2542"/>
                <pc:TextEquiv conf="0.955643832683563">
                    <pc:Unicode>Jſenburg / wird auch hier un dar Jnberg geſchrieben daher</pc:Unicode>
                </pc:TextEquiv>
            </pc:TextLine>
            <pc:TextEquiv>
                <pc:Unicode>Hier kaufft er ich ein Se loß, as Jſenburg benannt, E
c
beiſſende Autwort werden faſt durchgangig von allen Seribenten ſo ohl
alten als neuen, bejahet und als glaubwurdig beſtattiget. Nur Peter
RNZ will in ſeiner angefuͤhrten I. Diſputat. p. 20. dieſem allgemeiuen
ſün ie eunhuir Mtei reſee.
ſes ſeines unzeitigen Zweifels anzufuhren weiß, welches doch bey einer
Geſchicht nothwendig geſchehen muß, waun man deren Wahrheit in
ll lli s ee ne e iiene nnnie n—
unhoͤffliche Betragung des Cunzen, in dem damahls unter ſeinem Nah⸗
men herausgegebenen Manifeſt, ſelbſt folgender maſſen: So nu Cun⸗
ze indeme ſich geſattiget hatte  fügte er ſich vom ge azten
Tage / Uns ungegru et l in eine erberge / und urder
nach ſeiner Nothdurt / uß Unſer Stadt.
() Die Boͤhmen waren in Meiſſen eingefallen, und von dem Churfuͤrſten mit
groſſem Verluſt und blutigen Koͤpffen wieder abgewieſen worden, da⸗
her war eine groſſe Verbitterung zwiſchen beyden Theilen; auch wollten
ſie von den Meiſſeneru noch 64. Stgdte und ., chloſſer wieder heraus
haben, welche unbillige und ungegrundete An rderung inſonderheit
Ronig Ladis laus in Bohmen / gegen den Chnrfuͤrſten ſehr heff⸗
tig triebe, daruͤber es wieder zum Kriege kam worinnen aber ie Boͤh—
men abermahts einbuͤſſeten, davon unte mit m hrerin.Siehe in⸗
deſſen Si. von BtRRcREN Sachſ. Held. Saaͤl. im Leben Fria. Placid
imgleichen M. Petri vVNZ1II Diſſert. I. pag. 5o &amp; B. parentis o.
Mnr. TRILLERI Diſſ. de Gratitudine Magnatum reali &amp;c. vas.
20. ſqq
() Dieſes auf den Bohmiſchen Graͤnten von Kut von Kautungen erkaufte
und zu ſeiem ſchgndlic en Vort abes ſehr beaueme und feſte Schlos
Jſenburg / wird auch hier un dar Jnberg geſchrieben daher</pc:Unicode>
            </pc:TextEquiv>
        </pc:TextRegion>
    </pc:Page>
</pc:PcGts>
