2046 3200
353 187 2038 270 Vorrede.
361 275 1925 379 reimte teutche Uberezung diees ont Feuerreichen aber da
355 358 1916 532 heze eniiei ici etem o
360 505 1928 604 daelbe vou mir uberhaupt in vier Bucher abgetheilet wor
350 582 1921 681 den; wie es nehmlich die Natur der ergangenen Gechichte
356 656 1927 759 eigentlich mit ich gebracht hat. Zwar hatte ich wohl das
342 733 1917 826 dritte Buch noch in zwey oder drey Bucher eintheilen und in
354 807 1986 900 denelben furtellen konnen , was nach der Gefangennehmung
354 883 1927 976 des Cuntzen, furgegangen; Allein wegen der allzugenauen
329 955 1919 1058 Verknupffung der Sachen, habe es, onderlich aus Mangel
354 1028 2046 1129 der Zeit, vor dieesmahl unterlaen: Es konnte aber olches
353 1104 2046 1201 wohl kunfftig bey einer andern Auflage gechehen; wofern
274 1178 1925 1266 man etwan erfahren ollte, da olche Kleinigkeit dem allzu
338 1249 1926 1344 charffichtigen Leer antoig gechienen hatte, welches man
317 1325 1954 1427 doch nicht verhoffen will.
409 1394 1912 1494 Dem Texte elbt ind volltandige hitoriche Anmerckun
354 1468 1913 1562 gen zur nothigen Erlauterung, untergeleget worden, worin
287 1545 1912 1637 nen die meiten Gechichtchreiber, die von dieen Prinzen
308 1618 2010 1712 raube gehandelt haben, egen einander gehalten, deren ver
160 1688 1941 1797 chiedene Meynungen, o viel moglich, verglichen, und die
296 1766 1920 1864 wahrcheinlichten daraus ausgeuchet und bekrafftiget
275 1911 1929 2004 Am Ende des Wercks ind zwey nunmehr elten gewor
286 1984 1921 2084 dene kleine Schrifften von dem bekannten Vulpius, und
163 2058 1909 2156 dem beruhmten Tenzeln, angehanget worden / worinnen die
195 2131 1915 2228 begierigen Leer die gantze Gechicht in ihrem volligenZuam
348 2204 1920 2307 ne / ohne poetiche Erfindungen und untergemengte
236 2272 1906 2375 Fabeln / auf einmal einehen und mit leichter Muhe faen kon
235 2345 1904 2447 nen. b nun gleich in beyden Stuckeneinerley Beweithu
281 2415 1902 2518 mer urkommen; o habe doch lieber alles unverandert laen;
317 2485 1928 2597 ee t ae darinien eigenmachig augreiche idn
159 2557 1910 2665 meln wollen. Auch hat man eine Ode auf die Heldenthat
356 2627 1897 2731 vs wohlverdienten Kohlers, beygefuget, damit man den
176 2697 1895 2860 ii tnirieed nitelnetoenhooippn
564 2790 1894 2863 as mehr erhabnen Schreibart einer Dde deto beer
256 2788 1864 2936 erkennen miig  .Schrt einer Ode deto
