1886 3106
0 19 59 57 g
14 218 1674 414 Dier wr nn war leicht/ eic eede iu verglechen;
55 359 1624 483 Doch Eure Tugenden ſind laͤngſt der Welt bekannt:
59 445 1651 589 mſonſt ſucht man dem Meer noch Waſer darzureichen,
62 537 1554 671 Vergebens wird ein Licht der Sonnen angebrannt;
44 624 1727 772 nd was die ama ſelbſt durch ale ander traͤget,
65 713 1698 866 Dem wird durch meinen Ruhm, kein Zuſatz beygeleget.
69 983 1634 1177 as Kohier u von genes Gnſt geooen
75 1118 1767 1247 Hofft ſein Verwandter auch von Deiner Guͤtigkeit:
75 1210 1752 1353 Wie ich nach dem Geſchlecht, von deſſen Blut ent⸗
5 1321 1690 1429 . ſproſſen;
87 1399 1631 1540 So hah ich nit ihn, auch gleicher Treu geweiht:
90 1484 1538 1609 So fuͤhl ich auch in mir die eingepflanzten Triebe
91 1577 1678 1715 Von einer redlichen und wahren Sachſen⸗ Liebe,
97 1835 1740 2025 Ninn alo dies ert uon Deies Dines Handn
99 1974 1699 2110 Durchlauchtſter Friederich / geneigt und wilig hi:
101 2069 1753 2218 Wit D af dies edicht ein gnidig Auge wenden;
61 2165 1705 2294 Denn iſt mein Wunſch erfullt, mehr, als ich wuͤr⸗
812 2268 1734 2363 .dig bin:
100 2344 1781 2479 Wird dich auch nur ein Reim in dieſer Schrifft, er⸗
3 2466 1369 2561 . gezen;
96 2525 1738 2676 So werd ich meinen Fleiß fuͤr unverlohren ſchaͤzen.
