1323 1959
172 1764 237 1810 auf
260 1765 370 1799 Arbeit.
418 1766 464 1806 In
488 1766 536 1799 der
551 1765 791 1808 Verwirklichung
815 1765 902 1807 dieſes
919 1766 1038 1808 Rechtes
1061 1767 1103 1805 iſt
1117 1765 1204 1801 allein

168 112 236 135 man
262 102 411 144 aufhören,
445 102 508 135 mit
533 101 595 135 den
619 101 827 142 Maſchinen
850 101 918 135 und
943 102 1042 141 ihren
1067 101 1190 144 Groß-

170 156 326 198 beſitzern
344 156 436 195 mehr
449 155 608 195 Rückſicht
625 166 657 196 zu
671 156 771 195 haben,
785 155 832 188 als
845 156 898 195 mit
910 153 963 188 den
976 154 1191 196 Millionen,

170 210 212 243 die
248 209 330 249 durch
354 209 490 249 dieſelben
522 209 667 242 brodlos
699 208 820 254 werden.
869 208 913 241 Es
937 208 973 248 ſei
1006 208 1097 242 damit
1120 208 1193 250 nicht

170 264 274 306 geſagt,
299 262 354 303 daß
379 263 422 296 die
445 262 613 303 Maſchinen
638 261 803 304 abgeſchafft
827 262 938 294 werden
962 257 1074 301 ſollen.
1104 256 1193 303 Wohl

170 318 237 351 aber
261 318 332 351 wird
357 327 426 350 man
450 316 499 356 ſich
524 316 593 358 dazu
628 315 806 357 entſchließen
830 315 947 354 müſſen,
980 315 1023 349 die
1047 315 1206 356 Rieſen⸗

170 371 364 410 maſchinen
412 372 469 403 der
509 369 783 410 Großinduſtrie
823 368 1013 410 entſprechend
1060 379 1098 410 zu
1137 368 1198 409 be⸗

171 424 318 463 ſteuern,
336 433 385 456 um
402 430 458 456 aus
482 424 544 456 dem
562 424 713 464 Ertrage
738 423 854 462 dieſer
870 422 1006 456 Steuer
1022 422 1207 470 Arbeits⸗

171 477 387 520 gelegenheit
412 477 468 518 für
493 477 729 515 Arbeitsloſe
761 486 797 517 zu
823 475 982 517 ſchaffen.
1030 475 1224 520 Außerdem

171 531 240 571 muß
265 541 333 563 man
359 529 407 570 ſich
433 529 537 569 endlich
562 529 752 570 entſchließen,
777 529 832 567 daß
857 528 958 568 Recht
982 528 1045 571 auf
1069 529 1194 565 Arbeit

172 584 379 624 ſchlechtweg
431 582 674 623 anzuerkennen
699 582 756 614 und
781 582 824 614 die
852 582 972 624 „heilige
996 582 1126 622 Scheu“,
1151 584 1200 624 die

173 647 241 670 man
266 647 316 669 vor
350 636 437 674 dieſer
462 636 670 676 Anerkennung
707 635 763 673 hat,
798 634 884 677 völlig
909 635 1009 676 fahren
1041 646 1074 677 zu
1098 636 1216 677 laſſen.

174 690 240 724 Nur
273 690 300 729 ſo
335 689 405 722 wird
438 689 481 721 die
514 688 663 727 Induſtrie
687 687 838 728 aufhören,
874 688 922 721 der
959 688 1120 729 „Saturn“
1146 689 1210 725 der

175 744 275 776 Arbeit
307 753 339 782 zu
364 743 430 782 ſein,
466 742 513 774 der
537 742 608 781 ſeine
633 741 739 774 Kinder
771 740 934 783 verſchlingt
957 742 1015 776 und
1048 743 1105 776 nur
1134 736 1262 778 von

177 797 264 837 ihrem
288 796 367 830 Tode
393 795 456 828 lebt.

265 850 341 890 Auch
369 860 420 882 vor
454 849 516 882 dem
540 848 652 887 Mittel,
689 849 741 882 den
776 848 1027 890 Arbeitsloſen
1064 847 1196 886 Grund

176 905 243 938 und
268 904 394 938 Boden
420 903 488 936 und
513 903 575 935 das
592 902 741 944 Nöthige
765 912 801 943 zu
827 902 921 942 ihrer
945 903 1140 946 Bebauung
1163 905 1219 950 zu

176 959 337 1001 gewähren,
363 957 428 997 darf
452 966 521 989 man
546 955 617 994 nicht
641 955 874 996 zurückſchrecken,
904 966 986 990 wenn
1011 963 1042 990 es
1067 957 1130 1000 gilt,
1153 958 1225 993 die

177 1011 358 1052 Geſellſchaft
392 1020 444 1043 vor
468 1010 544 1042 einer
569 1008 662 1048 Kriſis
686 1019 718 1050 zu
743 1009 903 1049 bewahren,
941 1020 1027 1053 gegen
1052 1010 1095 1044 die
1118 1010 1198 1052 ſelbſt

177 1066 220 1098 die
255 1063 479 1105 Militärgewalt
514 1063 607 1095 keinen
643 1062 758 1103 ſicheren
795 1062 895 1104 Schutz
930 1063 1010 1103 mehr
1049 1064 1224 1106 gewähren

177 1119 283 1151 würde.
1195 1133 1241 1153 0.

268 1171 358 1204 Louis
382 1170 532 1210 Napoleon
556 1169 649 1210 ſprach
674 1169 722 1208 ſich
747 1170 835 1209 ſeiner
858 1170 923 1210 Zeit
947 1170 1033 1211 dafür
1057 1177 1125 1210 aus,
1143 1169 1213 1213 daß

179 1234 248 1256 man
272 1225 324 1256 den
341 1224 472 1256 Arbeiter
496 1223 554 1255 und
581 1223 638 1261 ſein
656 1221 796 1261 Intereſſe
821 1223 900 1262 mehr
942 1221 984 1262 an
987 1222 1117 1258 Grund
1140 1222 1212 1260 und

181 1277 298 1310 Boden
323 1276 418 1317 feſſeln
442 1275 526 1315 ſollte.
578 1275 619 1308 Er
647 1275 707 1314 that
732 1275 793 1308 dies
817 1276 870 1308 mit
894 1275 1052 1324 folgenden
1071 1275 1199 1324 Worten:

398 1330 456 1360 „La
475 1329 558 1355 classe
572 1329 693 1355 ouvrière
706 1337 739 1355 neé
752 1329 863 1362 posséde
882 1329 947 1361 rien,
962 1329 980 1355 il
993 1329 1054 1356 faut
1067 1330 1093 1357 la
1105 1330 1200 1358 rendre

343 1373 640 1408 propriétaire...
677 1373 738 1399 Elle
752 1376 794 1399 est
808 1382 907 1400 comme
921 1382 957 1400 un
967 1374 1063 1408 peuple
1076 1374 1201 1402 dilotes

342 1427 376 1445 au
405 1419 496 1445 milieu
525 1418 585 1443 dun
614 1418 710 1451 peuple
739 1418 771 1444 de
800 1418 983 1450 sybarites.
1021 1419 1046 1445 II
1075 1419 1135 1446 faut
1162 1417 1202 1454 lui

343 1464 443 1489 donner
456 1471 508 1489 unèe
528 1463 603 1496 place
616 1463 681 1488 dans
695 1462 719 1487 la
738 1461 837 1488 société
852 1464 879 1487 et
883 1463 1015 1490 attacher
1027 1470 1069 1489 ses
1088 1461 1225 1491 intéréts

343 1509 358 1533 à
377 1516 443 1533 ceux
463 1508 498 1533 du
518 1507 581 1533 sol.“

273 1551 371 1586 Wenn
396 1561 456 1584 nun
481 1551 547 1591 auch
572 1550 614 1584 bei
641 1550 688 1584 der
712 1551 921 1593 Organiſation
948 1551 996 1584 der
1019 1550 1121 1587 Arbeit
1142 1552 1217 1588 und

184 1605 232 1638 der
255 1604 521 1647 Beſitzverhältniſſe
554 1604 602 1646 für
626 1604 668 1637 die
693 1604 888 1644 Arbeitsloſen
922 1604 964 1638 die
989 1604 1110 1641 Grund-
1142 1605 1248 1651 und

184 1659 368 1701 Bodenfrage
392 1660 444 1692 mit
468 1660 498 1691 in
515 1657 649 1697 Betracht
674 1658 799 1691 kommen
824 1657 929 1699 dürfte,
945 1658 973 1699 ſo
998 1659 1031 1699 iſt
1053 1659 1116 1694 dies
1139 1659 1204 1702 doch

186 1721 242 1744 nur
274 1713 334 1745 eine
358 1712 559 1753 Sonderfrage
592 1710 641 1752 für
665 1710 708 1743 die
725 1710 775 1755 Ver
778 1710 978 1755 wirklichung
1011 1712 1061 1747 des
1084 1713 1206 1755 Rechtes
