1294 1959
136 97 239 138 reich,
272 97 448 138 Rußland
473 98 530 131 und
555 97 786 139 Deutſchland
822 98 853 131 in
877 97 991 138 Betreff
1014 94 1062 131 der
1084 95 1132 134 oſt

138 147 343 197 aſiatiſchen
358 147 610 197 Angelegenheiten
624 152 682 185 und
694 152 746 184 das
761 137 1139 198 engliſch⸗franzöſiſch

136 205 298 246 ruſſiſche
322 204 465 245 Bündniß
490 205 520 237 in
536 204 651 245 Betreff
682 199 737 238 der
746 199 974 245 armeniſchen
997 202 1100 247 Frage

140 259 178 293 all
202 259 273 304 dieſe
297 258 457 298 Bündniſſe
482 258 590 293 können
614 260 661 292 als
691 256 736 304 Vor
761 257 881 299 ſtufen
905 257 954 297 für
977 257 1031 291 ben
1046 256 1145 294 Welt

137 313 300 349 Staaten
318 313 383 346 bund
432 313 585 355 angeſehen
608 313 719 347 werden
743 306 800 345 und
825 318 857 344 es
881 311 1008 353 bedürfte
1032 309 1088 344 nur
1111 308 1162 350 der

140 368 297 407 Initiative
321 366 531 406 Rußlands,
557 365 784 409 Frankreichs
808 365 867 399 und
890 364 1100 406 Deutſchlan

142 426 198 454 um
228 421 299 460 dieſe
322 420 483 460 Bündniſſe
519 424 602 454 unter
626 421 747 455 Beitritt
784 420 831 452 der
867 418 1081 458 amerikaniſ

141 475 282 512 Staaten,
318 474 400 514 ſowie
436 473 580 515 Japans
615 474 673 508 und
710 474 848 513 Chinas
884 482 917 514 zu
952 472 1015 506 dem
1049 470 1176 520 Welt⸗

141 527 398 562 Staatenbund
434 538 466 569 zu
502 530 658 562 erweitern.
706 528 778 561 Kein
813 527 908 560 Staat
931 526 1017 566 hätte
1051 520 1159 568 Anlaß,

144 584 194 623 ſich
219 593 304 626 gegen
329 584 381 616 den
405 582 527 626 Beitritt
560 592 593 624 zu
617 581 756 619 ſträuben,
793 580 867 613 denn
890 580 964 622 jeder
996 589 1054 613 von
1076 579 1128 625 ihn

143 637 239 671 würde
275 637 368 673 ſeinen
401 636 522 675 höchſten
557 636 688 675 Vortheil
721 635 802 668 dabei
837 633 943 673 finden.
991 634 1035 667 Es
1066 643 1142 667 würd

145 691 223 724 dann
247 691 342 723 keine
365 689 520 722 anderen
544 688 791 730 Machtfragen
814 688 894 728 mehr
917 687 1014 729 geben,
1031 687 1097 732 als

145 742 474 784 wirthſchaftlichen
509 742 580 775 und
616 742 911 776 intellectuellen.
959 741 1027 774 Von
1050 726 1140 792 größt⸗

146 797 321 840 Wichtigkeit
346 796 374 836 iſt
410 803 441 829 es
465 796 614 838 übrigens,
648 796 702 836 daß
728 797 791 829 das
814 782 1102 842 Zuſtandekommen

147 851 485 887 Welt⸗Staatenbundes
523 850 662 892 möglichſt
709 850 774 883 bald
814 848 1018 892 bewerkſtelligt
1059 843 1134 894 werd

148 908 236 941 Denn
259 916 341 940 wenn
366 905 418 944 erſt
455 905 566 944 China
590 904 657 944 nach
682 904 743 937 dem
780 903 915 942 Muſter
950 902 1093 943 Japans
1105 897 1138 944 ſi

149 960 312 1000 militäriſch
347 958 499 1001 organiſirt
524 958 614 998 haben
648 958 720 991 wird
745 958 803 991 und
840 958 910 997 dieſe
945 957 1043 991 beiden
1065 951 1135 991 Reie

153 1016 207 1049 mit
230 1015 311 1056 ihren
336 1016 467 1046 4—500
492 1011 652 1045 Millionen
677 1005 885 1052 Einwohneru
906 1021 987 1053 ganz
1023 1006 1137 1047 Europ

150 1070 184 1103 be
195 1069 328 1108 drohen
352 1068 469 1104 können,
495 1067 572 1099 dann
597 1066 629 1104 iſt
653 1066 716 1106 eher
740 1067 785 1099 ein
809 1065 1020 1108 Weltkrieg,
1050 1065 1098 1098 als

150 1121 453 1158 Welt⸗Staatenbund
477 1131 510 1162 zu
534 1123 684 1158 erwarten,
710 1139 750 1142 —
776 1121 821 1152 ein
845 1119 1008 1162 Weltkrieg,
1035 1120 1076 1156 wi

149 1178 197 1210 die
212 1177 293 1211 Welt
316 1176 381 1216 noch
406 1174 477 1214 nicht
501 1174 614 1216 geſehen
638 1174 695 1213 hat.
744 1173 861 1207 Darum
876 1173 963 1213 Hand
987 1172 1056 1206 an's

152 1230 243 1264 damit
266 1236 298 1263 es
331 1229 445 1268 unſerer
469 1227 648 1261 Generation
671 1227 809 1269 vergönnt
842 1227 900 1266 ſein
922 1226 1013 1268 möge,
1044 1222 1139 1265 mit
1113 1222 1139 1269 d

154 1282 260 1317 Grün
276 1283 369 1325 dung
393 1282 455 1315 des
479 1280 903 1314 Welt-Staatenbundes
927 1279 981 1313 das
1005 1268 1139 1320 erſte
1104 1268 1139 1325 Fe

155 1337 216 1371 des
251 1336 468 1371 bleibenden
492 1334 671 1377 Friedeens
706 1335 733 1368 d.
759 1334 786 1376 h.
823 1335 875 1368 den
899 1325 1071 1375 endgiltigen

155 1391 204 1424 der
228 1391 334 1425 Cultur
366 1392 436 1424 über
459 1391 502 1424 die
526 1389 672 1424 Barbarei
705 1390 737 1422 in
760 1388 835 1422 allen
859 1388 991 1421 Ländern
1024 1386 1097 1433 der

155 1444 221 1486 noch
244 1455 296 1478 vor
320 1444 432 1486 Schluß
456 1444 506 1477 des
529 1443 639 1485 jetzigen
662 1442 882 1483 Jahrhunderts
905 1450 938 1482 zu
961 1440 1061 1482 feiern.
