2263 3200
983 198 1345 269 Vorrede.

331 326 673 404 bekannten
718 301 1232 383 Prager⸗Schloß
1251 294 1651 378 Wiſcherad;
1668 290 1862 375 ferner
1875 300 1993 367 von

331 378 519 506 ihrer
551 378 1095 506 Manngehaͤßigen
1137 394 1287 477 Magd
1319 378 1575 506 Vlaſta:
1602 377 1754 476 auch
1769 390 1885 446 von
1903 385 1994 451 der

333 498 647 593 gottloſen
688 470 996 593 Herzogin
991 474 1423 559 Drahomira
1445 476 1546 539 die
1562 458 1780 565 endlich
1810 458 1993 532 leben⸗

334 592 436 677 dig
459 598 584 654 von
608 585 710 649 der
734 577 944 651 Erden
966 571 1002 653 ſe
992 563 1074 638 oll
1102 559 1538 659 verſchlungen
1559 555 1814 648 worden
1835 541 1998 652 ſeyn;

1 680 41 756 6
333 670 503 745 dann
545 664 695 743 auch
717 676 842 733 von
868 662 974 729 des
998 654 1355 744 Horymirz
1426 646 1565 711 oder
1580 637 2001 737 Horimivus,

333 761 627 831 redenden
654 737 1279 841 Zauber⸗Hengſte,
1325 724 1662 826 Schemick
1715 729 2003 821 genannt,

334 842 584 925 welcher
615 843 733 908 mit
748 834 965 914 dieſem
994 830 1217 910 ſeinem
1235 820 1446 909 Herrn
1464 811 1626 895 nicht
1650 803 1838 880 allein
1856 796 2004 903 über

332 934 428 1000 die
459 923 652 1011 hohen
677 918 1294 999 Schloß⸗Mauren;
1341 906 1597 1019 ſondern
1620 896 1773 978 auch
1798 893 1857 975 ſo
1923 906 2002 989 gar

337 1015 485 1086 uͤber
516 1015 607 1081 die
632 1009 913 1083 Moldau
941 1000 1145 1088 geſetzt
1192 991 1354 1078 haben
1397 980 1536 1089 ſoll;
1574 976 1998 1064 vornehmlich

328 1101 484 1172 aber
512 1108 635 1165 von
672 1101 810 1162 dem
841 1092 1022 1172 Ertz
1010 1078 1035 1172 /
1045 1082 1505 1172 Hexenmeiſter
1531 1063 1700 1172 Zyto
1719 1071 1889 1164 der
1926 1075 2000 1147 zu

339 1183 594 1265 Koͤnigs
611 1178 913 1260 Wenzels
931 1176 1038 1240 des
1065 1168 1427 1238 unartigen,
1444 1156 1684 1251 Zeiten/
1699 1163 1873 1219 einen
1890 1163 2001 1218 an⸗

340 1277 485 1337 dern
515 1261 904 1345 armſtligern
930 1248 1249 1343 Zauberer
1329 1248 1391 1326 biß
1423 1242 1553 1325 auf
1581 1245 1679 1337 die
1708 1232 1996 1317 Schuhe,

341 1349 797 1431 verſchlungen,
825 1348 949 1411 und
976 1346 1143 1406 dann
1167 1329 1480 1413 eckelhafft
1501 1329 1849 1426 wiederum
1873 1332 1996 1388 von

344 1434 451 1515 ſich
482 1432 738 1515 gegeben
779 1440 853 1508 zu
884 1418 1122 1503 haben
1117 1408 1145 1515 /
1170 1412 1638 1495 meiſtermaͤßig
1668 1402 1993 1505 geruͤhmet

336 1519 538 1593 wird;
560 1511 695 1597 Izo
715 1495 871 1597 nicht
906 1512 990 1573 der
1008 1502 1150 1590 Zeit
1165 1499 1613 1581 verkuͤrzenden
1629 1488 1991 1579 Hiſtoͤrchen

344 1612 420 1682 zu
447 1595 804 1679 gedeucken,
853 1591 953 1656 die
995 1576 1110 1682 von
1128 1591 1229 1653 der
1273 1576 1805 1661 Neuhaͤuſiſchen,
1854 1580 1989 1641 oder

311 1686 492 1768 auch
510 1670 1048 1767 Roſenbergiſchen
1064 1668 1342 1749 Weiſſen
1360 1663 1536 1748 Frau
1557 1661 1991 1749 Perchta,
1883 1661 1991 1753 und

325 1764 540 1839 ihrem
582 1753 829 1836 jaͤhrlich
887 1756 1281 1820 verordneten
1337 1748 1753 1832 allgemeinen
1798 1741 1986 1824 ſuͤſſen

5 1848 60 1936 0
294 1843 562 1919 Brey,
591 1851 712 1903 von
735 1842 843 1931 der
871 1833 1401 1928 Bernſteiniſchen
1440 1830 1827 1914 Jungfrau,
1873 1832 1986 1892 den

6 1933 53 1967 0
337 1924 616 2003 feurigen
645 1914 1062 1995 Boͤhmiſchen
1088 1917 1425 1992 Reutern,
1480 1921 1618 1982 dem
1646 1911 1796 1991 nach
1845 1915 1984 1976 dem

345 2005 542 2073 Todte
567 1998 779 2092 herum
796 2002 1115 2065 reutenden
1132 1999 1448 2069 General;
1476 2002 1629 2063 dem
1643 1994 1771 2070 auf
1784 1995 1982 2060 einem

1 2103 62 2185 6
327 2077 812 2171 dreybeinichten
849 2079 1089 2178 Pferde
1112 2076 1671 2159 ſchnelltrabenden
1703 2073 1980 2153 Moͤnch,

344 2168 481 2229 dem
521 2160 922 2242 rachgierigen
963 2160 1238 2252 Juncker
1269 2162 1586 2244 Ludwig;
1641 2165 1756 2226 den
1784 2158 1976 2226 vielen

342 2241 702 2331 grauſamen
720 2239 1119 2343 Geſpenſtern
1136 2244 1200 2310 in
1217 2249 1352 2310 dem
1368 2240 1983 2322 Michaͤels⸗Kloſter;

327 2318 527 2385 allwo
548 2319 684 2411 dieſe
698 2317 1653 2411 Kloſter⸗Geiſter
1259 2317 1349 2411 als
1367 2317 1653 2411 Eißgraue
1666 2323 1974 2399 Maͤnner
1952 2317 1974 2411 /

46 2399 660 2502 voerdentlich
677 2399 962 2480 geiſtliche
980 2404 1539 2486 Singe⸗Stunden
1557 2403 1800 2484 halten;
1822 2402 1969 2480 auch

0 2507 67 2552 2
314 2478 496 2578 ſonſt
533 2481 810 2546 Maͤnner
848 2482 998 2559 ohne
1033 2483 1221 2568 Kopf
1254 2487 1629 2564 erſcheinen,
1673 2492 1801 2553 und
1829 2484 1967 2561 doch

258 2557 572 2647 ſeufzen
584 2554 790 2632 ſollen;
814 2567 936 2625 und
954 2565 1142 2629 vielen
1163 2572 1393 2631 andern
1412 2567 1777 2648 dergleichen
1795 2569 2040 2631 trau⸗

330 2634 689 2714 rigluſtigen
733 2638 1263 2720 Begebenheiten,
1313 2649 1377 2710 in
1404 2647 1715 2716 Boͤhmen
1748 2642 1956 2712 allent⸗

52 2797 53 2800 ö
326 2710 559 2790 halben
587 2712 1084 2800 herumgetragen
1111 2731 1455 2789 worden.

101 2815 106 2890 1.
430 2789 585 2856 Wer
603 2805 728 2855 nun
722 2789 894 2890 dieſe
934 2807 1030 2878 und
1073 2801 1213 2878 noch
1240 2802 1388 2889 mehr
1414 2812 1601 2879 andre
1627 2801 1799 2881 ſolche
1820 2799 1953 2866 Ge⸗

872 2921 875 2927 ö
1058 2949 1060 2952 ö
1719 2876 1950 2956 ſchichte
