1992 3125
422 118 481 190 10
746 91 985 176 Des
1022 97 1468 184 Saͤchſiſchen

409 240 503 300 Du
527 237 647 305 weiſt
673 214 833 306 ſchon,
869 233 975 289 was
1001 225 1064 301 ich
1097 221 1216 298 will,
1250 232 1369 301 geh,
1399 235 1485 320 ſtell
1512 235 1601 304 ihm
1629 241 1731 314 alles
1749 216 1842 318 für,

404 329 507 386 Und
535 319 693 393 ſtaͤrcke
725 318 988 390 kraͤfftiglich
1017 323 1064 379 in
1093 322 1185 398 ihm
1210 322 1276 392 die
1296 317 1837 405 Rach⸗Begier.

478 450 629 518 Nicht
642 449 839 519 ſchneller
852 449 935 525 kan
948 450 1017 510 ein
1032 447 1188 514 Stein
1204 461 1293 520 yon
1307 448 1439 517 ſeiner
1450 441 1716 523 Schlaͤuder
1731 451 1842 519 eilen,

389 540 529 622 Noch
554 544 625 598 die
641 539 844 614 gepreßte
869 540 987 619 Lufft
1008 542 1143 617 durch
1163 540 1318 614 heiſſen
1344 540 1491 617 Flug,
1521 539 1762 617 zertheilen;

380 629 473 688 Als
493 630 626 708 dieſer
648 620 965 704 Feuer⸗Geiſt
983 632 1068 709 mit
1089 630 1503 706 wunderſchnellem
1525 631 1670 698 Gang

377 720 473 781 So
492 721 629 800 gleich
654 721 764 791 nach
786 721 1048 795 Iſenberg
1062 731 1102 798 /
1126 723 1172 800 in
1196 723 1412 803 Cunzens
1432 721 1634 799 Zimmer,
1680 726 1836 791 drang.

469 849 581 909 Der
605 851 681 920 lag
707 864 804 907 nun
830 851 1073 921 dazumahl
1093 853 1139 909 in
1164 844 1314 927 traͤger
1340 850 1460 918 Ruh
1478 849 1721 919 geſtrecket,

319 942 508 1009 Doch
532 937 637 1012 fuhr
637 937 681 1019 er
720 937 879 1012 oͤffters
901 943 1006 1019 auf,
1021 947 1115 1000 und
1135 948 1267 1001 ward
1280 944 1343 1000 im
1358 941 1568 1012 Schlaff
1577 942 1834 1012 erſchrecket/

360 1027 430 1093 Er
449 1032 639 1100 ſchlief,
658 1023 765 1089 und
786 1030 945 1101 ſchlief
962 1020 1049 1112 nur
1072 1033 1207 1102 halb,
1224 1027 1348 1090 denn
1371 1040 1448 1090 der
1471 1035 1552 1104 hat
1575 1032 1690 1092 keine
1714 1020 1831 1112 Raſt,

348 1123 661 1183 DerGrimm
686 1121 749 1178 im
761 1121 938 1190 Herzen
960 1111 1063 1191 hegt,
1073 1127 1195 1188 und
1208 1123 1361 1205 Recht
1379 1127 1473 1181 und
1486 1124 1680 1193 Tugend
1705 1122 1831 1193 haßt.

370 1240 556 1309 Und
547 1240 630 1335 du/
651 1240 687 1335 du
722 1243 893 1328 ſchlaͤfſtit
903 1252 1115 1329 noch?
1131 1253 1216 1332 ließ
1228 1252 1309 1335 ſich
1323 1257 1398 1322 der
1411 1255 1545 1335 Geiſt
1557 1247 1827 1328 bernehmen,

336 1337 569 1414 Fuͤrwahr!
640 1340 703 1425 du
727 1342 871 1422 ſolteſt
897 1344 992 1422 dich
1015 1351 1099 1426 des
1123 1346 1279 1427 faulen
1309 1347 1477 1428 Lagers
1498 1343 1729 1418 ſchaͤmen!

329 1436 440 1519 Wo
465 1435 603 1511 bleibt
624 1436 725 1513 dein
761 1431 926 1514 kühner
975 1437 1119 1519 Muth,
1145 1445 1241 1499 und
1264 1441 1355 1499 alte
1376 1426 1669 1518 Tapferkeit?

323 1516 459 1616 Steh
487 1526 601 1604 auf,
617 1529 732 1605 und
753 1519 883 1598 raͤche
906 1529 1040 1611 dich,
1078 1532 1134 1613 izt
1154 1516 1206 1613 iſt
1232 1535 1302 1591 die
1326 1516 1467 1616 rechte
1495 1536 1607 1616 Zeit:

316 1622 432 1704 Der
442 1613 691 1690 Churfůrſt
713 1619 812 1692 reiſt
829 1613 1039 1704 hinveg,
1064 1617 1161 1699 und
1175 1626 1344 1698 Schuz
1363 1635 1459 1697 und
1480 1614 1637 1701 Huͤter
1655 1630 1819 1703 fehlen,

310 1712 432 1775 Wie
448 1711 659 1783 glucklich
683 1712 792 1786 geht
816 1722 866 1772 es
888 1731 980 1784 an,
1018 1706 1088 1793 die
1115 1719 1320 1791 Prinzen
1348 1724 1698 1797 wegzuſtehien?

304 1805 416 1894 Wo
442 1810 510 1883 du
526 1807 598 1888 die
627 1802 814 1895 Soͤhne
834 1809 966 1882 haſt,
1002 1813 1123 1895 wird
1161 1814 1242 1894 bey
1278 1819 1384 1876 dem
1421 1801 1587 1882 Vater
1623 1819 1750 1893 leicht

294 1898 378 1989 In
402 1902 519 1980 allen
544 1908 653 1977 was
675 1906 742 1976 du
763 1903 926 1976 ſuchſt,
949 1911 1028 1970 der
1047 1908 1210 1983 Zweck
1232 1914 1347 1983 nach
1363 1915 1594 1993 Wunſch,/
1608 1918 1810 1989 erreicht.

285 1994 395 2056 Die
419 1990 580 2078 Gůͤter
597 2000 783 2083 werden
813 2000 884 2063 dir
903 2004 1033 2082 dann
1057 1992 1413 2092 eigenthuͤmlich
1439 1993 1639 2085 bleiben,
1676 2018 1742 2071 (

281 2088 380 2171 Du
402 2090 527 2171 kanſt
547 2096 639 2172 das
657 2086 946 2190 Loͤſe⸗Geld,
976 2099 1021 2179 ſo
1041 2101 1154 2179 hoch
1173 2108 1241 2185 du
1267 2091 1486 2183 denckeſt,
1510 2113 1707 2175 treiben.

298 2208 322 2264 *
1081 2222 1083 2225 ö
1717 2212 1806 2274 Du

266 2322 337 2395 (5
359 2322 475 2409 Wache
481 2320 611 2373 allhier
624 2326 834 2390 angeführte
846 2332 1018 2397 Urſachen
1029 2335 1155 2388 moͤgen
1171 2343 1262 2395 wohl
1275 2342 1538 2402 hauptſaͤchlich
1562 2352 1617 2396 die
1639 2346 1800 2403 ſtaͤrckſten

353 2382 451 2468 E
537 2376 633 2471 eien
683 2380 761 2427 en
781 2392 939 2450 geweſen
952 2396 1055 2442 ſeyn,
1084 2397 1247 2448 wodureh
1261 2397 1321 2441 der
1340 2400 1472 2451 geizige
1489 2406 1558 2449 und
1579 2398 1797 2460 halsſtarkige

350 2448 632 2522 .
665 2433 678 2487 1
695 2433 712 2478 ⸗ĩ
720 2429 738 2531 i.
754 2435 797 2527 10
826 2441 1090 2498 uubeſounenen
1129 2449 1213 2513 und
1234 2450 1451 2509 unerhoͤrten
1479 2455 1687 2508 Frevelthat
1711 2457 1797 2502 hizis

353 2521 417 2572 42
432 2528 500 2572 und
514 2528 578 2573 dei
593 2491 710 2586 Meiſ
779 2489 843 2562 uch
870 2492 909 2558 iſt
922 2501 961 2554 es
982 2489 1051 2568 ſehr
1055 2496 1383 2564 wahrſeheinlich,
1401 2508 1466 2560 daß
1481 2510 1535 2553 die
1555 2503 1795 2561 mißbergnuͤs⸗

349 2560 477 2634 baltun
482 2564 623 2629 —
620 2538 676 2635 V.
695 2544 812 2612 fellern
825 2547 1021 2620 gehaßigen
1031 2550 1203 2619 Böhmen
1220 2559 1445 2616 „vielleicht
1472 2575 1527 2611 gar
1556 2563 1608 2606 mit
1618 2560 1793 2618 Genehm—

349 2623 523 2676 bitterten
548 2627 606 2677 Kü
639 2598 702 2646 Ver
709 2588 893 2661 ſprechung
920 2610 1025 2661 eilles
1047 2607 1352 2662 Hachdruͤcklichen
1382 2616 1604 2668 Beyſtandes
1630 2612 1716 2666 ihres
1738 2614 1794 2665 er⸗

346 2632 722 2728 igee
736 2644 980 2696 Ladislarte
1007 2655 1126 2711 ſelbſt,
1153 2660 1217 2704 den
1245 2673 1473 2718 verwegelen
1493 2674 1586 2715 Eunlz
1607 2673 1643 2712 in
1664 2665 1800 2712 ieſen

345 2683 587 2755 ſchuͤndlichen
603 2690 893 2752 Unternehmen/
906 2704 990 2757 noch
1006 2707 1148 2759 ſtarcker
1161 2711 1286 2767 moͤgen
1309 2722 1514 2771 angefeuret
1527 2722 1650 2768 haden,
1672 2710 1783 2752 damit
