1932 3182
310 152 676 230 Prinzenr
718 159 980 224 aubes/
1033 161 1070 207 I.
1098 154 1334 223 Buch.
1636 173 1693 223 9

2 281 141 363 Daß
167 282 432 357 Eintracht
512 278 622 342 Lieb
644 286 753 343 und
783 282 926 349 Treu
951 283 1029 343 die
1048 279 1343 368 Oberhand
1363 293 1634 362 gewann,

9 383 129 446 Und
160 383 269 456 traf
291 381 343 443 in
366 379 603 450 Cunzens
624 377 761 451 Herz
794 379 874 439 ein
913 372 1105 451 tuͤchtig
1131 376 1443 463 Werckzeug
1470 394 1568 449 an,

11 479 114 541 Um
138 480 293 556 ſeinen
313 472 453 559 boͤſen
481 473 654 551 Zweck
687 474 813 546 nach
843 474 1142 556 Wunſche,
1184 489 1238 548 zu
1260 473 1533 555 erlangen,

14 575 132 637 Und
173 582 322 636 neues
360 572 648 648 Ungemach
688 575 795 635 und
837 565 1065 645 Ungluͤck
1105 570 1462 648 anzufangen.

20 667 97 730 Er
127 665 368 745 ſchuͤttelte
395 667 495 749 ſein
514 674 748 749 Haupt,
788 675 895 734 und
924 672 1026 746 rief
1041 671 1206 755 drauf
1225 672 1367 733 einen
1391 667 1572 744 Geiſt,

20 767 148 831 Den
183 787 302 832 man
334 773 743 847 Verwegenheit
767 775 873 834 und
897 771 1054 848 freche
1078 769 1332 845 Rachluſt
1354 768 1498 843 heiſt,

20 864 168 930 Sein
194 870 350 944 trozig
378 870 649 947 Angeſicht
685 866 832 948 gluͤht
866 888 966 934 von
1006 877 1090 934 der
1119 870 1493 946 Eyfers⸗Hize,

19 966 136 1030 Aus
161 967 322 1042 ſeinen
358 970 543 1045 Augen
573 974 702 1046 gehn
731 973 826 1034 viel
862 966 1200 1047 fuͤrchterliche
1232 969 1415 1052 Blize,

27 1063 100 1126 Er
122 1065 242 1141 ſieht
269 1069 347 1129 nie
365 1068 530 1141 hinter
546 1070 655 1143 ſich,
672 1069 1077 1151 Verzweiflung,
1093 1068 1249 1149 Zluch
1266 1073 1371 1130 und
1387 1064 1687 1145 Schmach,

32 1161 195 1240 Laͤufft
223 1166 378 1230 neben
406 1167 540 1240 ihm,
561 1173 666 1252 und
680 1165 899 1239 Scham
925 1176 1028 1226 und
1046 1167 1168 1228 Reu
1195 1166 1326 1239 folgt
1354 1166 1526 1240 hinten
1542 1163 1687 1231 nach
1669 1161 1687 1252 /

39 1263 141 1336 Ein
167 1262 538 1335 Feuerfarbnes
561 1265 711 1326 Kleid
741 1263 925 1324 bedeckt
952 1265 1027 1324 die
1055 1278 1260 1335 magren
1283 1263 1509 1326 Lenden,

45 1361 117 1423 Er
130 1353 301 1430 traͤget
346 1351 561 1442 Fackeln,
544 1359 1260 1442 Schwerdt
866 1351 957 1442 und
981 1359 1246 1442 Schlangen
1276 1362 1326 1420 in
1352 1366 1433 1421 den
1438 1351 1689 1432 Haͤnden,

54 1455 242 1520 Rennt
267 1455 518 1526 vielmehr,
539 1455 627 1537 als
664 1471 710 1514 er
737 1458 888 1527 geht,
929 1460 1011 1516 eilt
1039 1458 1161 1527 frech
1189 1457 1285 1527 auf
1299 1459 1420 1524 alles
1448 1452 1559 1523 loß⸗

60 1556 177 1616 Und
211 1553 331 1626 zeigt
355 1551 432 1610 die
447 1552 587 1620 harte
608 1549 811 1617 Stirn,
834 1549 963 1622 nebſt
985 1551 1152 1622 Bruſt
1172 1556 1275 1619 und
1300 1547 1492 1612 Armen,
1541 1549 1690 1620 bloß.

64 1648 186 1716 Geh,
244 1642 388 1714 ſchrie
409 1647 492 1699 der
508 1637 885 1724 Hoͤllen⸗Zuͤrſt,
905 1646 1009 1705 und
1033 1643 1157 1713 thu,
1183 1651 1300 1715 was
1324 1643 1394 1713 ich
1410 1642 1648 1724 befohlen
1669 1660 1688 1695 /

65 1734 332 1810 Entzunde
371 1741 608 1808 Cunzens.
624 1738 758 1807 Herz,
798 1742 887 1802 den
918 1739 1117 1807 theuren
1156 1740 1318 1824 Raub
1343 1754 1397 1809 zu
1422 1738 1603 1810 holen⸗

903 1828 951 1889 A
1428 1831 1706 1917 Du

157 1978 223 2028 biß
251 1991 368 2028 1451.
400 1975 472 2017 und
495 1972 578 2032 alſo
597 1971 813 2026 leider!
773 1967 817 2032 6.
830 1981 964 2020 ganzer
979 1971 1103 2028 Jahre
1128 1967 1349 2031 gewaͤhret;
1381 1975 1533 2025 worauf
1546 1969 1703 2028 endlich

170 2029 229 2071 ein
257 2026 486 2077 beſtaͤndiger
515 2025 647 2072 Friede
674 2021 850 2070 geſtifftet
887 2024 960 2063 und
997 2024 1055 2063 die
1083 2022 1149 2070 faſt
1175 2031 1264 2074 ganz
1291 2025 1491 2076 erloſchene
1520 2028 1698 2079 Bruder⸗

87 2079 277 2126 Liebe
290 2078 428 2120 wieder
454 2085 524 2128 von
547 2083 678 2116 neuem
702 2074 967 2129 angeflammet
995 2073 1168 2133 worden,
1195 2073 1370 2124 nachdem
1388 2087 1476 2120 man
1498 2077 1557 2121 die
1583 2076 1713 2130 boͤſen

169 2129 388 2176 Rathgeber
412 2126 485 2167 und
509 2121 827 2179 verdammlichen
855 2122 1255 2180 Friedens-Stoͤhrer,
1297 2127 1430 2176 welche
1459 2128 1587 2180 bißher
1610 2130 1714 2175 Bel

170 2178 235 2219 ins
261 2179 380 2225 Fener
408 2174 600 2224 gegoſſen,
629 2174 706 2215 und
732 2172 929 2222 ſonderlich
941 2174 1007 2213 den
1030 2173 1715 2230 gottloſen
1254 2172 1350 2230 Apel
1371 2172 1451 2230 von
1478 2173 1668 2230 Vißthum
1690 2172 1715 2230 /

127 2227 397 2277 heilſfamlich
415 2226 561 2275 hinweg
582 2223 801 2274 geſchaffet,
822 2226 901 2280 und
918 2228 956 2265 es
973 2225 1082 2281 dahin
1105 2224 1349 2274 vermittelt,
1378 2229 1447 2278 daß
1472 2228 1530 2271 die
1555 2230 1709 2278 beyden

198 2274 402 2325 uͤrſtlichen
431 2273 610 2331 Bruͤder,
641 2272 775 2330 welche
793 2273 854 2323 biß
866 2274 978 2331 anher
991 2275 1061 2330 biß
1078 2274 1145 2323 auf
1165 2276 1233 2318 den
1254 2275 1359 2320 Todt
1381 2288 1493 2327 gegen
1517 2279 1713 2323 einander

176 2327 376 2368 verbittert
402 2334 591 2374 geweſen,
620 2325 797 2366 einaͤnder
826 2325 926 2375 ſelbſt
949 2325 1151 2367 wiederum
1176 2325 1280 2377 ſehen
1308 2329 1381 2370 und
1404 2330 1578 2379 ſprechen
1607 2326 1695 2372 koͤn—

180 2384 292 2431 neu,
325 2377 384 2417 als
421 2377 528 2423 durch
567 2376 726 2425 welches
763 2374 905 2419 Mittel
932 2373 989 2417 die
1019 2373 1245 2429 bruͤderliche
1274 2377 1477 2428 Eintracht
1496 2390 1570 2427 gar
1606 2380 1695 2422 bald

177 2425 378 2484 wiederum
399 2426 622 2476 hergeſtellet
643 2424 809 2468 worden.
856 2427 964 2472 Man
994 2426 1079 2475 ſehe
1095 2426 1248 2476 hiervon
1290 2431 1571 2476 BIK
1425 2424 1477 2484 CK
1499 2431 1607 2476 EN,
1637 2430 1707 2483 im.

181 2472 320 2522 Saͤchſ.
345 2474 641 2523 Helden-Saual,
669 2477 1097 2514 RECHENBEKG,
1156 2483 1196 2516 in
1217 2477 1373 2517 Diſſ.
1342 2472 1385 2527 de
1397 2480 1524 2527 Raptu
1547 2476 1714 2516 Princi-

178 2535 270 2570 pum
300 2523 382 2559 Sax.
407 2537 440 2570 p.
457 2537 539 2573 332.
568 2528 793 2564 KVNZII
824 2526 917 2564 Diſſ.
935 2528 960 2564 I.
990 2538 1071 2574 pag.
1089 2540 1146 2565 4o.
1179 2530 1278 2565 Panl.
1309 2530 1521 2564 LANGII
1546 2530 1693 2569 Chron.

178 2571 458 2617 Numburgenſ.
500 2578 593 2622 apud
641 2579 836 2614 MENCK
856 2578 945 2614 EN.
975 2577 1087 2612 Tom.
1109 2580 1174 2615 III.
1206 2580 1329 2626 ſcript.
1377 2579 1521 2613 Rerum
1557 2578 1693 2618 Germ,

177 2633 260 2667 pag.
283 2632 341 2668 45.
363 2628 415 2667 46.
445 2625 479 2659 &
508 2626 722 2663 Cbronicon
750 2630 875 2664 Terræ
903 2624 1014 2661 Wiſn.
1046 2626 1134 2664 ibid.
1174 2642 1208 2676 p.
1226 2640 1311 2679 359.
1341 2629 1378 2662 &
1410 2628 1450 2661 in
1478 2625 1694 2674 Appendice

185 2671 329 2728 Chron.
342 2671 470 2707 Veter.
487 2675 639 2713 Cellenſ.
654 2678 742 2713 ibid.
756 2690 790 2724 p.
807 2690 884 2725 422.
902 2677 1073 2721 inprimis
1092 2679 1274 2724 Hartumg.
1287 2678 1318 2711 K
1375 2673 1696 2717 AMMERMEL

178 2720 370 2754 8IEKI
399 2720 557 2759 Annales
583 2727 722 2763 Erfurt.
754 2727 843 2767 ibid.
887 2727 974 2761 Tom.
1000 2726 1064 2761 III.
1095 2739 1128 2774 p.
1150 2736 1261 2790 1187.
1290 2724 1394 2774 ſeqq·
