1843 2929
732 179 1076 240 Vorréde.

197 282 371 361 halten
390 266 612 362 duͤrfte;
651 277 815 333 wenn
834 273 891 333 es
918 272 1007 335 der
1031 270 1218 356 guͤtige
1240 272 1390 353 Leſer
1424 284 1627 355 anders

187 355 435 427 erlauben
456 353 1002 441 wird.
1329 437 1337 448 ö

273 434 423 505 Viele
457 424 734 503 poetiſchen
777 423 1113 506 Zierathen,
1153 433 1628 525 Begeiſterungen

202 514 308 579 und
332 502 669 592 weitgeſuchte
687 508 807 567 oder
821 504 1258 592 allzuaͤngſtliche
1277 520 1388 591 und
1404 521 1625 598 muͤhſa⸗

209 597 286 653 me
304 577 748 672 Beſchreibungen
764 582 899 657 habe
923 591 1187 654 darinnen
1204 595 1309 657 mit
1321 590 1472 671 Fleiß
1485 604 1630 677 nicht

200 659 483 739 anbringen
497 669 706 747 moͤgen,
725 665 904 730 damit
918 671 997 731 die
1015 667 1305 745 hiſtoriſche
1320 673 1628 756 Waͤhrheit

198 746 346 803 unter
368 736 676 826 dergleichen
707 739 905 824 buntes
938 745 1139 817 Laub?
1166 757 1277 814 und
1298 753 1624 832 Bluhmen⸗

198 812 381 882 Werck
405 813 539 887 nicht
564 814 615 891 ſo
641 828 741 895 gar
768 820 880 896 ſehr
902 828 1171 904 verſtecket
1197 827 1405 907 wuͤrde,
1420 837 1522 898 wie
1539 834 1628 899 be⸗

202 893 321 954 reits
344 888 470 954 oben
491 898 707 971 gedacht
730 908 1140 991 worden:
1592 954 1600 976 ö

194 967 469 1056 Jedoch
490 970 626 1044 habe
657 976 817 1066 gleich
844 983 902 1044 in
927 988 1047 1048 dem
1073 986 1234 1059 erſten
1253 986 1486 1065 Buche,
1516 994 1626 1057 eine

196 1045 455 1115 erdichtete
474 1046 753 1130 Zauberey
784 1061 890 1120 mit
922 1064 1327 1141 eingemiſchet;
1366 1069 1622 1142 wiewohl

201 1118 345 1210 mehr
358 1125 483 1201 nach
504 1136 586 1189 der
601 1131 970 1209 Gewohnheit
987 1146 1070 1211 der
1089 1140 1372 1218 heroiſchen
1382 1146 1625 1225 Poeten,

201 1196 290 1287 als
301 1202 388 1283 des
404 1200 971 1295 HomerusVirgils,
985 1217 1166 1292 Taſſo⸗
1181 1222 1449 1301 Miltons,
1462 1224 1624 1288 Ario⸗

211 1271 293 1344 ſto/
309 1288 362 1347 ja
382 1282 470 1365 des
486 1280 741 1346 Voltaire
763 1288 1004 1360 ſelbſten;
1038 1299 1171 1356 denn
1197 1297 1301 1367 daß
1314 1299 1382 1372 ich
1388 1299 1621 1375 derglei⸗

208 1348 674 1497 I
704 1360 827 1438 hoch
850 1363 1072 1445 billigte,
1091 1377 1209 1433 oder
1233 1372 1322 1446 fuͤr
1340 1373 1528 1452 noͤthig
1546 1391 1622 1439 er⸗

284 1501 471 1592 Wenn
494 1512 628 1581 man
661 1505 788 1577 aber
820 1515 1066 1589 dieſelben
1096 1513 1307 1592 finſtern
1335 1529 1442 1585 und
1473 1524 1625 1588 aber⸗

217 1573 528 1657 glaͤubiſchen
544 1583 753 1662 Zeiten,
773 1595 1053 1656 worinnen
1073 1599 1224 1667 dieſer
1238 1591 1625 1680 Prinzenraub

214 1651 502 1732 geſchehen,
528 1666 827 1740 betrachten
847 1664 1000 1738 will;
1040 1672 1168 1745 auch
1201 1673 1544 1744 inſonderheit
1566 1679 1626 1738 in

220 1724 521 1814 Erwegung
546 1736 743 1815 ziehet,
783 1744 885 1805 wie
911 1738 1144 1817 beruffen
1160 1746 1442 1819 vormahls
1457 1748 1623 1821 Boͤh⸗

220 1809 335 1866 men
356 1817 536 1886 wegen
565 1812 843 1890 allerhand
868 1815 1237 1895 Zaubereyen
1236 1809 1254 1899 /
1261 1822 1625 1899 Gauckeleyen

212 1882 321 1939 und
334 1881 1022 1969 Geiſter⸗Erſcheinungen,
1046 1895 1313 1974 geweſen;
1352 1899 1453 1957 wie
1470 1906 1625 1962 unter

223 1958 414 2019 andern
433 1969 537 2026 aus
558 1969 722 2028 denen
748 1964 1225 2041 abentheuerlichen
1239 1970 1624 2051 Erzaͤhlungen

212 2025 429 2101 ſattſam
445 2025 690 2122 erhellet,
715 2025 891 2122 welche
887 2055 994 2104 von
1011 2048 1127 2106 dem
1145 2043 1385 2122 Herzoge
1401 2050 1628 2122 Crocus

221 2107 326 2164 und
346 2110 504 2183 deſſen
530 2112 726 2189 beyden
743 2117 1027 2189 Toͤchtern,
1050 2123 1135 2179 der
1147 2116 1364 2192 Libuſſa
1389 2129 1496 2183 und
1512 2124 1628 2190 Ka⸗

222 2174 359 2253 ſcha,
390 2190 468 2249 die
497 2192 796 2268 insgeſamt
820 2195 969 2268 Erz“
992 2191 1367 2270 Zauberinnen
1400 2202 1629 2272 geweſen

224 2250 335 2326 ſeyn
365 2259 561 2337 ſollen;
615 2267 723 2339 hier
755 2274 864 2329 und
905 2273 1003 2329 dar
1043 2267 1356 2346 angefͤhret
1395 2279 1632 2345 werden

225 2333 396 2410 weiter
411 2346 517 2401 von
530 2346 617 2404 der
637 2340 883 2417 Libuſſen
907 2343 1115 2413 weiſſen
1127 2343 1506 2423 Zauberzelter/
1520 2352 1628 2406 und

227 2400 391 2473 ihrem
413 2417 815 2490 unterirdiſchen
847 2414 1110 2487 Marſtall
1147 2416 1308 2497 voller
1352 2419 1629 2493 ſchwarzer

187 2477 461 2566 Geiſter,
489 2490 774 2565 ingleichen
798 2504 905 2554 von
930 2490 1076 2562 ihren
1107 2494 1408 2577 praͤchtigen
1433 2498 1632 2572 Hexen⸗

230 2550 448 2633 Taͤnzen
479 2572 586 2625 und
606 2566 1378 2645 Geſpenſter⸗Verſamilungen
1400 2572 1496 2634 auf
1515 2570 1629 2693 *
