2263 3200
869 187 1284 247 Vorrede.

296 277 516 351 Wegen
540 279 633 336 des
647 271 836 338 Tituls
875 278 967 357 des
995 271 1228 363 Wercks,
1255 278 1394 346 habe
1410 282 1542 352 auch
1567 289 1701 356 noch
1727 285 1953 363 kuͤrtzlich

221 362 279 421 zu
308 354 573 420 erinnern,
605 346 704 419 daß
726 353 782 406 es
807 348 1057 430 vielleicht
1083 348 1303 430 manche
1331 354 1512 424 tadeln
1532 353 1810 426 moͤchten,
1834 361 1960 421 weil

226 424 303 496 ich
333 426 590 499 denſelben
621 409 894 496 gedoppelt
922 419 1303 492 eingerichtet:
1371 424 1489 495 Ich
1515 426 1648 498 habe
1677 433 1803 490 aber
1828 433 1959 503 hier⸗

230 511 287 567 zu
307 502 466 558 meine
481 496 742 568 beſondere
753 492 1010 566 Urſachen
1023 492 1238 577 gehabt,
1264 496 1455 567 welche
1470 499 1595 558 eben
1631 501 1811 572 hier
1760 492 1815 577 zu
1835 509 1963 570 mel—⸗

232 576 329 631 den
347 574 478 642 nicht
499 566 678 648 noͤthig
694 569 847 640 finde,
864 569 1074 641 zumahl
1087 571 1156 637 da
1180 570 1268 626 die
1293 566 1443 648 Sache
1489 572 1833 645 willkuͤhrlich
1850 584 1964 635 und

235 659 336 704 von
358 646 511 703 keiner
525 641 873 714 Wichtigkeit
901 643 977 717 iſt,
990 644 1111 703 weil
1126 641 1189 713 ſie
1206 648 1382 703 weder
1409 645 1559 704 einen
1576 647 1783 719 groſſen
1802 647 1965 720 Sieg

237 723 325 778 des
340 716 646 785 Kulichans,
661 723 785 779 oder
806 720 902 777 des
917 716 1289 787 unſterblichen
1303 710 1610 788 Rußiſchen
1627 720 1841 789 Czaars
1855 722 1970 793 Pe⸗

233 799 356 857 ters,
381 797 469 848 des
485 790 737 863 Groſſen,
754 792 886 862 noch
911 795 1080 864 einem
1099 787 1459 866 gefaͤhrlichen
1477 791 1970 864 Friedens⸗Bruch

233 867 317 946 der
328 862 810 939 Ottomanniſchen
824 867 1045 941 Pforte,
1062 872 1185 928 oder
1208 870 1373 930 andre
1388 865 1712 936 dergleichen
1726 869 1974 937 wichtige

229 936 436 1021 Dinge,
446 939 737 1015 anbetrifft.
779 942 1003 1016 Wobey
1024 942 1097 1013 ich
1121 944 1252 1013 mich
1270 940 1400 1011 noch
1419 945 1579 1010 darzu
1607 941 1710 998 mit
1743 945 1842 1002 dem
1866 955 1972 1027 an⸗

231 1008 509 1084 ſehnlichen
522 1012 778 1090 Beyſpiel
807 1022 901 1076 des
932 1017 1219 1090 erhabenen
1231 1014 1398 1088 Taſſo,
1440 1008 1736 1092 uͤberfluͤßig
1762 1013 1975 1085 ſchuͤzen

237 1083 353 1168 kan,
368 1087 582 1158 welcher
595 1088 807 1160 ſein
817 1094 1204 1156 Welt⸗bekanntes
1218 1086 1587 1159 ausbuͤndiges
1611 1087 1975 1159 Helden⸗Ge⸗

241 1159 406 1238 dichte
429 1156 740 1236 ebenmaͤßig
765 1166 998 1237 zwiefach
1022 1166 1237 1232 betitelt,
1250 1170 1359 1224 und
1380 1159 1666 1233 demſelben
1685 1167 1784 1220 den
1798 1157 1973 1229 Nah⸗

244 1248 364 1293 men
391 1236 436 1289 Il
449 1235 773 1303 Goffredo,
801 1258 984 1299 overo
997 1240 1454 1306 Gieruſalemme
1467 1236 1761 1303 Liberata,
1790 1233 1975 1303 beyge⸗

246 1312 374 1380 legt,
389 1312 494 1370 wie
507 1315 607 1370 den
620 1313 906 1388 Gelehrten
934 1314 1143 1384 ſattſam
1163 1313 1385 1374 bekannt
1412 1312 1526 1383 ſeyn
1545 1311 1703 1374 wird.

339 1382 537 1455 Sonſt
554 1384 683 1454 habe
707 1385 830 1462 hohe
860 1387 1090 1457 Urſache,
1114 1400 1311 1456 zweyen
1339 1385 1541 1455 groſſen
1565 1387 1677 1444 und
1703 1380 1974 1454 gelehrten

260 1450 553 1522 Maoͤnnern
585 1459 790 1525 hiermit
814 1457 1065 1598 Rerttous
1092 1459 1376 1528 ſchuldigen
1398 1455 1593 1520 Danck
1619 1455 1980 1529 abzuſtatten/

271 1530 458 1599 welche
472 1531 575 1588 mir
590 1531 679 1593 bey
696 1528 1089 1599 Verfertigung
1102 1531 1255 1600 dieſes
1291 1523 1575 1600 Gedichtes,
1600 1523 1816 1600 gutigen
1816 1527 1979 1596 Bey⸗

277 1610 401 1673 trag
425 1603 614 1672 gethan
629 1601 811 1670 haben.
849 1601 974 1666 Der
992 1603 1107 1671 erſte
1120 1601 1229 1670 ſind
1245 1602 1393 1672 Ihro
1409 1599 1984 1673 Hochwohlgebohrne

282 1672 785 1749 Excellenz
568 1672 654 1749 der
674 1672 788 1749 Herr
797 1673 1015 1743 geheime
1028 1673 1182 1741 Rath
1213 1680 1300 1734 und
1326 1672 1525 1749 Canzler
1542 1688 1597 1741 zu
1645 1675 1827 1746 Gotha,
1857 1673 1982 1744 Herr

285 1750 519 1807 Baron
541 1758 670 1803 von
684 1744 1057 1818 Nizſchwiz,
1073 1746 1279 1814 welcher
1299 1746 1390 1815 ſich
1410 1747 1499 1811 bey
1514 1746 1681 1815 ſeinen
1695 1746 1981 1816 wichtigen

286 1812 765 1889 Geſchaͤfften
660 1812 772 1890 doch
782 1818 858 1878 die
871 1813 1049 1885 Muͤhe
1065 1818 1299 1887 gegeben,
1315 1820 1416 1886 mir
1431 1832 1486 1886 zu
1503 1818 1859 1890 Gefallen,
1787 1812 1855 1890 die
1871 1820 1981 1879 vier

288 1909 340 1963 zu
351 1895 537 1958 Gotha
555 1887 883 1962 befindlichen
899 1885 1194 1966 Gemaͤhlde
1208 1903 1311 1951 von
1327 1894 1444 1949 dem
1455 1890 1873 1965 Prinzenraube,
1890 1891 1984 1950 ab⸗

288 1968 503 2036 zeichnen
518 1979 573 2038 zu
591 1964 745 2036 laſſen
759 1969 867 2028 und
881 1964 1083 2033 geneigt
1095 1977 1149 2032 zu
1165 1958 1489 2033 uͤberſenden.
1527 1964 1703 2034 Nicht
1713 1967 1865 2032 allein
1880 1967 1986 2031 die⸗

287 2040 348 2111 ſe,
365 2038 572 2109 ſondern
587 2036 713 2106 auch
738 2038 863 2098 viele
877 2041 1063 2097 andere
1077 2036 1693 2109 Gnadenbezeugungen,
1707 2040 1788 2098 die
1803 2040 1878 2112 ich
1897 2039 1987 2111 ſeit

289 2113 471 2182 langen
483 2111 710 2183 Jahren,
724 2112 774 2185 ſo
788 2110 933 2179 wohl
960 2124 1030 2170 an
1054 2116 1151 2166 den
1166 2108 1345 2174 Orten
1369 2117 1478 2174 und
1497 2110 1716 2187 Hoͤfen,
1746 2112 1987 2188 woſelbſt

289 2186 386 2244 wir
410 2185 685 2254 zuſammen
710 2185 935 2257 gelebet;
966 2184 1052 2242 als
1076 2182 1201 2253 auch
1220 2183 1323 2255 auf
1337 2184 1552 2257 Reiſen,
1590 2192 1679 2249 und
1707 2182 1861 2261 ſonſt,
1876 2201 1990 2247 von

291 2259 553 2328 demſelben
570 2260 835 2333 genoſſen;
851 2258 1131 2334 verbinden
1149 2257 1279 2327 mich
1291 2257 1433 2335 billig
1445 2275 1505 2337 zu
1521 2264 1660 2327 einer
1674 2262 1991 2338 verpflichte⸗

289 2338 377 2393 ten
401 2330 764 2409 Danckbarkeit,
792 2334 974 2403 welcher
997 2332 1069 2402 ich
1086 2330 1208 2401 ſtets
1226 2332 1522 2404 eingedenck
1531 2336 1782 2409 verbleibe
1795 2340 1990 2396 werde.

291 2407 469 2484 Der
482 2415 634 2486 andre
647 2409 707 2481 iſt
721 2415 815 2468 der
826 2408 1096 2480 beruhmte
1112 2409 1222 2470 und
1217 2404 1278 2489 in
1280 2408 1441 2489 allen
1454 2412 1713 2481 zierlichen
1729 2415 1842 2477 und
1856 2404 1991 2478 nuͤtz⸗

284 2480 441 2551 lichen
458 2482 904 2557 Wiſſenſchafften
922 2474 1196 2554 gruͤndlich
1225 2474 1479 2563 erfahrene
1508 2474 1752 2563 Profeſſor
1779 2499 1836 2556 zu
1851 2482 1993 2551 Leip⸗

284 2556 352 2626 zig
393 2590 394 2621 „
415 2558 553 2629 Herr
566 2556 872 2630 Friedrich
884 2559 1105 2625 Menz,
1120 2569 1259 2617 mein
1285 2554 1604 2631 ehmahliger
1631 2566 1805 2626 treuer
1814 2555 1996 2626 Lehrer

282 2635 384 2710 und
408 2647 517 2694 nun
532 2631 742 2703 dreyßig
756 2627 985 2705 jaͤhriger
998 2633 1123 2704 ſtets
1146 2628 1332 2699 redlich
1355 2631 1637 2701 erfundene
1651 2630 1867 2702 Freund
1882 2628 1997 2684 und

280 2704 537 2769 Goͤnner;
570 2706 649 2764 ein
667 2705 880 2777 Mann,
895 2707 1108 2778 welcher
1129 2710 1221 2769 der
1238 2709 1446 2772 gantzen
1463 2706 1633 2778 hohen
1652 2702 1876 2775 Schule
1903 2703 1997 2761 da⸗

282 2777 433 2848 ſelbſt,
448 2781 555 2836 eine
581 2773 885 2847 verzůgliche
896 2780 1038 2852 Ehre
1062 2779 1256 2848 macht,
1270 2782 1380 2834 und
1399 2781 1529 2842 weit
1542 2779 1621 2839 ein
1637 2774 1893 2843 mehrers,
1909 2770 1997 2826 als

287 2861 452 2909 etwan;
473 2850 685 2925 Teutſch
713 2858 818 2911 und
836 2850 1190 2924 Frantzoſiſch
1214 2854 1335 2927 oder
1352 2849 1432 2929 ein
1450 2850 1627 2917 wenig
1660 2842 1875 2929 trockne
1898 2842 1999 2929 Mo⸗

286 2937 292 2953 ö
1213 2927 1285 2990 —t—
1312 2928 1458 2990 ⁰03
1940 2921 2015 2977 de.
