2046 3200
1596 163 1607 179 4

963 191 1317 258 Vorrede.

364 285 530 350 reimte
547 280 739 374 teutſche
768 280 1032 374 Uberſezung
1057 287 1202 358 dieſes
1225 287 1348 363 ſonſt
1357 284 1690 363 Feuerreichen
1708 297 1816 359 aber
1833 302 1918 363 da⸗

359 363 506 436 durch
525 378 644 438 ganz
667 365 916 425 erkalteten
941 361 1203 447 Dichters.

382 438 623 513 Jedoch
648 456 748 499 nun
773 437 944 500 wieder
968 438 1062 511 auf
1078 436 1223 522 dieſes
1246 435 1434 527 Werck
1455 450 1507 508 zu
1528 436 1776 521 kommen;
1804 443 1848 510 ſo
1860 447 1910 518 iſt

363 515 560 588 daſſelbe
580 529 687 574 von
705 515 799 575 mir
818 508 1086 587 uͤberhaupt
1100 527 1149 572 in
1166 525 1265 572 vier
1279 510 1481 585 Buͤcher
1495 511 1774 584 abgetheilet
1793 529 1910 600 wor⸗

363 592 480 658 den;
509 590 601 648 wie
622 596 674 648 es
688 588 918 662 nehmlich
941 590 1015 650 die
1031 586 1213 651 Natur
1234 590 1315 648 der
1336 599 1635 675 ergangenen
1652 587 1912 662 Geſchichte

360 662 600 735 eigentlich
625 664 715 731 mit
734 663 820 737 ſich
845 663 1065 738 gebracht
1082 664 1184 736 hat.
1247 661 1399 753 Zwar
1424 662 1553 746 haͤtte
1584 660 1664 746 ich
1670 663 1801 734 wohl
1826 668 1913 750 das

358 737 509 797 dritte
549 736 660 812 Buch
678 739 795 810 noch
809 741 858 801 in
873 751 996 822 zwey
1016 742 1128 799 oder
1149 741 1260 812 drey
1275 737 1478 809 Buͤcher
1494 736 1742 810 eintheilen
1754 742 1852 800 und
1862 755 1912 801 in

358 812 597 885 denſelben
611 814 840 886 furſtellen
856 814 1172 882 koͤnnen,
1097 810 1175 894 was
1187 812 1305 885 nach
1319 819 1397 873 der
1409 810 1913 894 Gefangennehmung

357 889 442 945 des
458 887 694 959 Cuntzen,
712 890 1073 963 fuͤrgegangen;
1109 888 1265 951 Allein
1286 902 1449 960 wegen
1478 894 1558 972 der
1583 888 1912 958 allzugenauen

356 958 744 1038 Verknupffung
761 968 843 1025 der
854 963 1084 1035 Sachen,
1097 965 1214 1035 habe
1238 970 1308 1035 es/
1321 959 1580 1052 ſonderlich
1592 969 1687 1021 aus
1702 960 1913 1034 Mangel

357 1037 439 1094 der
449 1034 574 1109 Zeit,
587 1050 674 1096 vor
687 1038 967 1111 dieſesmahl
986 1037 1297 1112 unterlaſſen:
1318 1037 1394 1100 Es
1414 1037 1588 1115 koͤnnte
1608 1036 1720 1097 aber
1743 1035 1912 1110 ſolches

356 1112 491 1181 wohl
511 1104 712 1184 kuͤnfftig
736 1113 819 1184 bey
840 1114 962 1176 einer
976 1118 1155 1176 andern
1181 1113 1386 1185 Auflage
1410 1112 1693 1195 geſchehen;
1730 1111 1910 1182 wofern

358 1197 477 1242 man
493 1191 653 1247 etwan
666 1186 884 1259 erfahren
907 1187 1059 1259 ſollte,
1081 1186 1174 1260 daß
1194 1186 1331 1258 ſolche
1364 1187 1632 1275 Kleinigkeit
1655 1191 1760 1252 dem
1779 1187 1911 1256 allzu⸗

357 1256 742 1331 ſcharffſichtigen
766 1260 887 1331 Leſer
911 1255 1126 1337 anſtöͤßig
1148 1255 1388 1337 geſchienen
1418 1255 1583 1337 haͤtte,
1577 1261 1776 1333 welches
1797 1271 1909 1320 man

358 1331 475 1397 doch
500 1332 626 1401 nicht
649 1333 887 1406 verhoffen
910 1335 1025 1403 will.
1944 1363 1949 1366 ö

321 1403 390 1446 Denm
418 1399 986 1478 Texte
733 1399 869 1479 ſelbſt
893 1399 981 1479 ſind
1001 1399 1306 1479 vollſtaͤndige
1321 1404 1578 1478 hiſtoriſche
1592 1406 1907 1468 Anmerckun⸗

357 1490 447 1547 gen
461 1492 540 1547 zur
559 1473 781 1551 noͤthigen
797 1472 1141 1551 Erlaͤuterung,
1164 1483 1480 1553 untergeleget
1496 1486 1715 1542 worden,
1733 1483 1908 1542 worin⸗

357 1566 455 1608 nen
482 1552 554 1610 die
577 1553 761 1622 meiſten
776 1553 1260 1626 Geſchichtſchreiber,
1283 1555 1356 1614 die
1379 1568 1477 1614 von
1504 1555 1654 1628 dieſen
1677 1556 1906 1629 Prinzen⸗

359 1622 503 1682 raube
518 1624 776 1696 gehandelt
790 1627 967 1697 haben,
984 1642 1130 1701 gegen
1151 1629 1382 1688 einander
1395 1629 1632 1700 gehalten,
1649 1634 1786 1691 deren
1811 1644 1960 1688 ver⸗

356 1695 583 1768 ſchiedene
606 1698 959 1771 Meynungen,
977 1701 1026 1774 ſo
1051 1701 1140 1759 viel
1164 1697 1393 1772 moͤglich,
1421 1704 1679 1776 verglichen,
1695 1709 1822 1772 und
1837 1704 1904 1763 die

354 1770 823 1900 Were
856 1777 1055 1841 daraus
1101 1776 1408 1850 ausgeſuchet
1458 1781 1558 1838 und
1598 1770 1903 1850 bekraͤfftiget

357 1853 561 1901 werden.
878 1886 918 1898 0
1500 1855 1547 1883 5

382 1916 525 1978 Am
539 1915 686 1988 Ende
704 1921 787 1993 des
815 1917 1021 1992 Wercks
1039 1919 1138 1991 ſind
1160 1934 1281 1992 zwey
1307 1923 1542 1996 nunmehr
1561 1922 1698 1994 ſelten
1720 1926 1923 1996 gewor⸗

356 1993 467 2047 dene
497 1990 651 2074 kleine
650 1990 929 2064 Schrifften
943 2002 1053 2054 von
1072 2000 1180 2058 dem
1204 1996 1463 2058 bekannten
1486 1997 1778 2074 Vulpius,
1791 2001 1912 2060 und

346 2065 459 2118 dem
480 2057 751 2130 beruͤhmten
768 2067 1019 2134 Tenzeln,
1032 2062 1332 2142 angehaͤnget
1372 2072 1561 2139 worden,
1589 2057 1783 2142 worinnen
1832 2072 1902 2131 die

357 2134 611 2207 begierigen
629 2137 747 2207 Leſer
760 2140 831 2198 die
843 2148 997 2212 gantze
1011 2143 1257 2217 Geſchicht
1274 2146 1323 2204 in
1338 2144 1487 2219 ihrem
1503 2134 1721 2222 voͤlligen
1737 2147 1900 2222 Zuſam⸗

357 2207 617 2276 menhaͤnge,
658 2210 776 2290 ohne
807 2215 1025 2286 poetiſche
1047 2215 1377 2291 Erfindungen
1398 2224 1497 2278 und
1520 2225 1900 2293 untergemengte

356 2275 824 2350 Fabeln,
574 2275 644 2363 auf
666 2275 820 2350 einmal
839 2287 1155 2359 einſehen
1072 2275 1150 2363 und
1172 2294 1261 2351 mit
1275 2293 1477 2364 leichter
1498 2295 1599 2365 Muͤhe
1639 2296 1780 2370 faſſen
1796 2290 1900 2354 koͤn⸗

359 2364 466 2412 nen.
499 2350 591 2435 Ob
607 2367 705 2411 nun
719 2358 865 2427 gleich
882 2361 930 2419 in
942 2363 1116 2434 beyden
1131 2365 1360 2428 Stücken
1373 2368 1568 2436 einerley
1583 2362 1897 2439 Beweißthü⸗

360 2433 457 2476 mer
471 2418 779 2493 ſuͤrkommen;
797 2431 843 2500 ſo
857 2431 974 2502 habe
987 2437 1099 2506 doch
1117 2438 1251 2498 lieber
1264 2442 1380 2504 alles
1394 2438 1715 2508 unveraͤndert
1728 2440 1896 2512 laſſen;

336 2490 438 2577 als
451 2497 600 2549 etwas
612 2499 841 2559 darinnen
858 2501 1194 2591 eigenmaͤchtig
1210 2511 1520 2582 ausſtreichen
1548 2523 1658 2578 oder
1679 2511 1895 2587 verſtuͤm⸗

349 2560 487 2623 meln
508 2567 693 2625 wollen.
730 2571 886 2643 Auch
910 2576 993 2648 hat
1015 2594 1129 2639 man
1146 2596 1243 2640 eine
1256 2582 1373 2642 Ode
1397 2586 1492 2657 auf
1506 2592 1579 2651 die
1600 2588 1894 2659 Heldenthat

364 2639 446 2690 des
465 2633 855 2709 wohlverdienten
883 2645 1122 2720 Koͤhlers,
1154 2649 1459 2725 beygefuͤget,
1493 2666 1645 2723 damit
1671 2674 1781 2717 man
1804 2664 1891 2715 den

344 2705 646 2772 miercklichen
659 2711 943 2784 Unterſcheid
957 2731 1093 2779 unter
1107 2726 1185 2782 der
1202 2722 1575 2804 mittelmaͤßigen
1590 2728 1889 2803 hiſtoriſchen,

364 2780 460 2862 und
479 2785 627 2835 etwas
643 2783 768 2864 mehr
786 2787 1016 2855 erhabnen
1033 2794 1329 2864 Schreibart
1345 2802 1467 2862 einer
1498 2780 1595 2871 Ode,
1614 2780 1730 2871 deſto
1750 2796 1888 2867 beſſer

351 2845 574 2906 erkennen
601 2853 790 2933 moͤchte.
1409 2876 1411 2878 ö

1778 2940 1880 2999 We⸗
