1927 3004
674 178 1032 239 Vorrede.

69 277 300 346 zenraube
323 277 424 332 und
444 270 773 339 Trilleriſchen
790 270 1094 338 Geſchlechte,
1108 271 1315 340 welche
1340 273 1459 340 auch
1480 275 1717 341 hinten,

66 352 162 406 wie
185 348 423 415 erwehnt,
443 341 729 420 angedruckt
751 345 973 396 worden.

143 419 235 478 Ob
260 431 359 474 nun
388 413 531 480 dieſes
554 410 700 479 gleich
723 423 821 466 von
856 409 1082 477 ungefehr
1109 406 1376 475 geſchehen;
1402 408 1449 475 ſo
1466 409 1587 475 habe
1609 416 1665 466 es

68 493 186 556 doch
203 487 328 553 nicht
340 498 433 539 von
448 481 678 550 ungefehr
694 494 1077 548 angenommen,
1093 479 1298 540 ſondern
1312 478 1508 547 ſogleich
1523 479 1663 535 einen

67 560 382 627 ſonderbaren
396 552 544 614 Trieb
561 552 645 620 bey
672 552 766 608 mir
781 550 1095 618 empfunden,
1110 553 1204 605 das
1220 547 1404 606 Werck
1429 546 1561 616 ſelbſt
1574 562 1662 604 an⸗

64 626 343 696 zugreiffen,
363 628 464 680 und
491 625 611 705 nach
639 628 743 677 und
769 620 889 687 nach
911 622 1116 678 darinne
1148 618 1497 686 fortzufahren,
1512 616 1591 683 biß
1607 620 1695 674 es

63 700 245 760 endlich
271 698 320 751 in
345 693 739 761 gegenwaͤrtigen
753 691 947 752 Stand
973 691 1295 760 gekommen,
1318 690 1579 745 worinnen
1607 694 1663 745 es

65 767 305 833 nunmehr
335 762 576 833 oͤffentlich
603 763 866 832 erſcheinet.

138 838 307 911 Auſſer
320 835 507 903 dieſem,
522 828 654 902 haͤtte
667 834 737 901 ich
751 833 882 899 billig
897 832 981 897 bey
995 830 1088 885 mir
1099 825 1523 895 angeſtanden,die
1536 825 1664 886 Sa⸗

69 908 144 976 che
160 908 522 975 fuͤrzunehmen/
536 906 646 961 weil
660 913 711 960 es
726 905 819 959 mir
834 893 1261 968 allzuruhmraͤthig
1275 895 1661 968 geſchienen,
1589 893 1661 976 mit

64 980 222 1049 ſeinen
236 979 412 1045 Ahnen
435 983 537 1031 und
551 973 849 1043 Geſchlechte
863 972 953 1028 viel
975 985 1027 1037 zu
1039 970 1257 1038 prahlen,
1273 968 1437 1023 indem
1456 964 1525 1032 ich
1548 967 1660 1035 alle⸗

68 1050 159 1117 zeit
178 1043 323 1117 dafuͤr
347 1046 585 1114 gehalten,
598 1043 698 1110 daß
718 1051 770 1099 es
793 1039 1076 1107 ruͤhmlicher
1108 1039 1196 1106 ſey,
1212 1041 1302 1094 den
1329 1037 1460 1093 alten
1477 1036 1660 1101 Glaͤntz

78 1120 221 1188 ſeiner
246 1116 476 1181 ehrlichen
488 1114 785 1182 Vorfahren
811 1112 952 1175 durch
972 1112 1127 1176 eigene
1151 1109 1262 1175 helle
1274 1104 1589 1174 Verdienſte,
1604 1119 1659 1169 zu

75 1188 308 1254 erheben;
349 1187 428 1241 als
447 1186 589 1250 durch
602 1184 677 1238 ein
693 1184 900 1248 fremdes
914 1184 1015 1248 und
1028 1178 1293 1243 entlehntes
1303 1175 1446 1240 Licht,
1463 1173 1580 1242 ſeine
1598 1174 1660 1228 ei⸗

87 1273 202 1326 gene
214 1251 486 1323 Finſterniß
504 1253 761 1316 erleuchten
773 1248 1053 1312 wollen,
983 1244 1051 1326 wie
1070 1246 1137 1310 ich
1151 1245 1285 1311 ſchon
1302 1249 1464 1301 davon
1479 1244 1528 1298 in
1545 1244 1660 1298 mei⸗

63 1340 181 1386 nen
196 1323 513 1390 Schrifften,
538 1318 702 1388 oͤffters
717 1313 969 1388 Meldung
996 1317 1169 1382 gethan
1195 1315 1330 1372 habe.

164 1392 431 1457 Nachdem
443 1390 551 1445 aber
565 1388 678 1458 dieſe
694 1386 924 1453 Urſachen
935 1383 1280 1454 verhoffentlich
1291 1380 1560 1447 wegfallen;
1573 1380 1659 1447 ha⸗

100 1464 156 1517 be
176 1463 245 1527 ich
265 1461 427 1515 weiter
450 1458 551 1513 kein
569 1453 855 1514 Bedencken
873 1460 1122 1519 getragen,
1155 1450 1266 1518 dieſe
1292 1443 1662 1515 merckwuͤrdige

82 1528 357 1594 Geſchicht
375 1525 570 1592 poetiſch
588 1518 889 1589 fuͤrzuſtellen,
903 1521 974 1579 die
1016 1516 1060 1594 in
1059 1519 1295 1588 mehr,
1231 1516 1304 1594 als
1314 1517 1495 1584 funfzig
1517 1516 1659 1583 hiſto⸗

106 1597 281 1663 riſchen
307 1593 543 1654 Buͤchern
575 1591 745 1646 bereits
775 1582 1076 1656 weitlaͤufftig
1110 1580 1387 1654 beſchrieben
1419 1590 1663 1641 worden:

103 1662 377 1727 Wiewohl
403 1659 488 1727 ſich
513 1657 721 1723 dennoch
739 1655 963 1728 etliche
916 1650 960 1728 ſo
984 1650 1217 1720 tollkuͤhne
1239 1654 1375 1710 Leute
1392 1654 1662 1719 gefunden,

104 1733 275 1796 welche
288 1729 376 1797 ſich
391 1729 519 1794 nicht
530 1723 889 1794 geſcheuet.dieſe
904 1721 1145 1790 Geſchicht
1155 1724 1204 1777 in
1218 1721 1414 1789 Zweifel
1426 1735 1476 1786 zu
1491 1723 1663 1788 ziehen,

103 1807 168 1858 da
201 1799 316 1863 doch
350 1802 432 1853 der
460 1793 734 1863 gedruckten
753 1790 1032 1857 Schrifften
1055 1789 1178 1855 nicht
1203 1803 1252 1854 zu
1272 1789 1552 1854 gedencken,
1585 1791 1662 1848 die

102 1869 323 1937 dießfalls
352 1877 654 1932 ergangenen
689 1858 1116 1936 Original⸗Acten
1144 1858 1192 1912 in
1225 1861 1331 1912 dem
1362 1858 1659 1926 Churfarſtl.

101 1932 571 2002 Wittenbergiſchen
595 1925 800 2006 Archive,
823 1927 919 1991 noch
934 1925 1010 2009 biß
1023 1925 1154 1998 dieſe
1179 1925 1340 1998 Stunde
1363 1927 1663 1994 vorhanden.

95 2009 339 2071 Allein,
306 1999 357 2075 da
351 2016 470 2059 man
479 2003 596 2136 bich
608 2012 660 2065 zu
672 1997 810 2062 Tage
820 1993 931 2080 alles
945 1993 1204 2080 laͤcherlich
1194 1998 1292 2051 und
1307 1998 1573 2062 ungereimt
1588 1999 1663 2054 be⸗

98 2063 278 2145 wieſen,
304 2077 396 2129 oder
412 2075 474 2128 daß
521 2070 588 2135 ich
604 2068 727 2131 recht
741 2063 1034 2142 kunſtmaͤßig
1054 2068 1167 2124 rede,
1196 2063 1495 2145 demonſtriret
1508 2066 1663 2135 haben

92 2149 233 2217 will;
264 2145 312 2211 ſo
327 2156 435 2209 gar,
451 2138 547 2203 daß
569 2150 686 2193 man
710 2133 826 2201 auch
840 2131 919 2217 die
923 2131 1224 2210 wichtigſten
1239 2133 1663 2203 Glaubens⸗Arti⸗

96 2216 185 2272 ckel
212 2214 305 2268 mit
333 2215 440 2265 dem
478 2205 666 2266 Eirckel
694 2207 797 2264 und
831 2200 1192 2266 Winckelmaße
1225 2203 1546 2272 auszumeſſen
1574 2200 1667 2271 ſich

94 2279 386 2346 wahnwizig
407 2272 653 2343 erkuͤhnet;
681 2273 728 2341 ſo
748 2273 873 2327 wird
898 2280 1014 2348 man
1041 2269 1155 2337 auch
1180 2265 1381 2338 kuͤnfftig
1398 2286 1488 2327 um
1510 2273 1558 2340 ſo
1573 2271 1666 2327 viel

97 2350 234 2416 mehr
256 2349 344 2401 alle
363 2343 649 2426 hiſtoriſchen
672 2340 1002 2422 Wahrheiten
1017 2339 1340 2407 Geometriſch
1362 2345 1463 2409 und
1475 2345 1566 2396 mit
1591 2354 1665 2404 zu⸗

94 2418 370 2484 reichenden
396 2414 638 2469 Gruͤnden
664 2410 885 2480 beweiſen
914 2406 1121 2480 muͤſſen,
1152 2408 1352 2475 welches
1387 2408 1525 2477 luſtig
1549 2414 1666 2463 aus⸗

96 2488 229 2554 ſehen
251 2483 396 2539 wird.

169 2550 466 2616 Diejenigen
493 2546 704 2613 fleißigen
735 2543 1117 2610 Muͤßiggaͤnger
1137 2543 1275 2608 aber,
1318 2542 1490 2612 welche
1511 2539 1664 2613 wider

97 2621 261 2688 Affen,
272 2618 541 2683 Spinnen,
552 2609 766 2678 Maͤuße,
780 2614 943 2678 Kazen
971 2615 1069 2667 und
1089 2609 1213 2688 andre
1245 2609 1399 2688 ſolche
1411 2610 1587 2674 Thiere
1610 2617 1662 2656 in

96 2686 289 2752 unſeren
304 2682 589 2752 Fabeln,/der
598 2683 696 2749 ſehr
710 2675 954 2747 aͤhnlichen
966 2668 1664 2786 Gemuths⸗Verwandſchaft

1571 2748 1638 2788 mi
