1944 3200
643 263 1006 323 Vorrede.

57 354 157 420 bar,
172 357 270 422 und
292 354 430 423 durch
456 353 667 425 heilſame
682 350 1092 424 Sitten⸗Lehren,
1115 347 1358 417 lehrreiche
1373 342 1611 420 Spruͤche

53 430 152 481 und
168 423 407 495 ſchickliche
429 423 725 495 Gleichniſſe,
740 423 1007 488 angenehm
1031 433 1094 487 zu
1107 418 1328 498 machen.

123 492 247 560 Wie
269 495 333 566 ich
353 498 470 555 denn
486 495 626 562 daher
650 493 777 560 nicht
801 486 1011 561 laͤugnen
1026 491 1132 555 kan,
1145 488 1247 556 daß
1263 502 1356 544 mir
1375 491 1455 546 der
1466 489 1608 548 Luca⸗

53 574 150 631 nus
166 582 323 637 wegen
338 569 474 636 ſeiner
490 552 824 649 fuͤrtrefflichen
874 552 1423 649 Gedancken,ſinnrochen
1456 556 1622 645 Spruͤ⸗

52 637 126 704 che
160 637 236 698 und
255 635 545 710 erbaulichen
567 635 1048 707 Sitten⸗Lehren,
978 628 1046 710 die
1063 648 1110 691 er
1131 634 1408 701 allerwegen
1422 628 1611 701 haͤuffig

50 715 149 769 und
164 723 416 777 ungezwungen,
423 708 779 780 einflieſſen
797 704 898 777 laͤſt,
933 700 1102 780 allezeit
1124 705 1210 770 weit
1224 703 1362 775 beſſer
1376 710 1476 780 und
1489 700 1610 771 nuͤtz⸗

51 778 187 846 licher
204 780 706 847 geſchienen,
509 776 607 852 dann
628 776 705 852 der
723 780 843 850 ſonſt
880 779 1020 851 groſſe
1048 794 1305 831 Virgilius:
1322 776 1400 833 als
1415 776 1613 850 welcher

45 844 142 923 zwar
178 844 433 923 uͤberhaupt
455 854 554 917 viel
570 844 923 923 vernuͤnfftiger,
947 844 1187 923 ſittſamer
1190 853 1291 906 und
1316 847 1613 920 behutſamer

47 921 269 1001 ſchreibet,
280 930 357 980 ais
370 923 513 991 jener,
529 928 629 985 und
654 926 702 982 in
722 926 895 993 rechter
911 921 1231 991 Einrichtung
1252 921 1381 977 eines
1397 919 1613 988 Helden⸗

48 994 412 1069 Gedichtes/den
427 995 649 1068 Lucanus
661 1006 760 1059 und
775 1000 860 1055 alle
876 1006 1082 1056 anderen
1099 992 1410 1063 lateiniſchen
1434 1002 1632 1007 Poeten,

48 1066 156 1125 weit
166 1062 429 1136 uͤbertrifft;
449 1067 680 1138 hingegen
695 1069 804 1127 aber
819 1069 934 1136 auch
958 1084 1022 1127 an
1050 1061 1333 1137 dergleichen
1368 1070 1506 1134 guten
1538 1071 1631 1100 und

48 1139 280 1212 nuzbaren
309 1133 532 1215 Spruͤchen
583 1141 671 1215 viel
683 1133 840 1204 aͤrmer
855 1147 953 1199 und
965 1138 1174 1197 trockner
1194 1137 1265 1207 iſt,
1274 1137 1353 1195 als
1376 1140 1457 1198 der
1467 1136 1612 1195 Luca⸗

42 1210 164 1275 nus,
176 1211 393 1284 welches,
409 1211 468 1267 ob
485 1219 546 1283 es
561 1211 704 1281 gleich
726 1209 873 1270 vielen
889 1213 1065 1281 fremde
1079 1214 1178 1268 und
1202 1223 1450 1278 verwegen
1476 1207 1612 1278 ſchei⸗

52 1296 141 1345 nen
163 1285 386 1354 moͤchte;
426 1281 538 1350 doch
555 1284 710 1351 nichts
724 1284 1054 1352 deſtoweniger
1074 1287 1145 1339 die
1167 1283 1320 1338 lautre
1333 1277 1632 1351 Wahrheit

51 1353 327 1418 bleibet,
265 1350 334 1423 wie
341 1353 476 1420 ſchon
486 1367 582 1410 von
593 1359 698 1411 dem
713 1350 1059 1423 unſterblichen
1078 1354 1284 1415 Grotius,
1311 1356 1378 1408 dem
1409 1350 1612 1421 Lipſius,

53 1423 1629 1496 Palmerius,Mareſtus,
678 1423 928 1496 Barthius,
948 1423 1184 1496 Heinſius,
1211 1423 1426 1496 Patinus,
1453 1423 1629 1496 Turne⸗

57 1499 172 1556 bus,
185 1493 447 1562 Brioſius,
460 1493 761 1566 Montagne,
775 1500 874 1551 und
895 1495 1041 1551 vielen
1057 1493 1235 1552 aͤndern
1253 1494 1436 1564 groſſen
1446 1487 1633 1565 Maͤn⸗

58 1558 543 1637 nern,nachdruͤcklich
564 1564 779 1631 erwieſen
793 1563 1015 1630 worden;
1033 1566 1110 1627 als
1120 1562 1344 1632 wodurch
1358 1566 1431 1622 die
1444 1565 1614 1633 nichti⸗

57 1650 150 1705 gen
168 1640 267 1695 und
279 1633 665 1702 uͤngegruͤndeten
680 1630 946 1702 Einwuͤrffe
954 1636 1045 1691 mit
1057 1636 1235 1702 leichter
1247 1631 1417 1702 Muͤhe
1432 1638 1632 1706 nieder⸗

53 1706 329 1778 geſchlagen
341 1712 527 1759 werden
546 1697 742 1770 koͤnnen,
757 1704 922 1771 welche
935 1706 1062 1770 Herr
1076 1705 1225 1774 Peter
1238 1705 1537 1769 Burmann,
1560 1708 1615 1764 in

55 1786 138 1838 der
168 1773 353 1848 Vorrede
392 1773 532 1848 ſeiner
545 1773 642 1841 ſehr
687 1788 854 1846 magren
881 1773 1061 1848 Ausgabe
1103 1775 1246 1848 dieſes
1261 1777 1618 1847 unvergleichli⸗

55 1851 165 1917 chen
184 1845 432 1921 Poetens,
450 1857 577 1910 zwar
580 1842 663 1921 ſehr
668 1842 1031 1914 weitlaͤufftig;
1055 1847 1170 1914 doch
1194 1847 1325 1916 mehr
1339 1849 1617 1920 ſophiſtiſch,

52 1922 130 1979 als
143 1910 562 1989 vernunftmaͤßig,
583 1920 818 1984 dargegen
834 1916 1050 1984 erhoben,
1070 1917 1143 1978 wie
1171 1917 1340 1986 ſolches
1355 1918 1508 1979 einem
1521 1925 1614 1980 un⸗

51 1989 399 2063 partheyiſchen
414 1988 539 2057 Leſer
549 1987 763 2055 alſobald
783 1987 831 2043 in
846 1988 917 2043 die
929 1986 1101 2062 Augen
1121 1988 1328 2061 leuchten
1339 1993 1483 2051 wird.
1520 1994 1620 2057 Da

56 2062 153 2138 nun
177 2068 250 2138 die
265 2057 536 2130 wuͤrckliche
550 2058 820 2132 moraliſche
832 2057 1130 2140 Nuzbarkeit
1147 2061 1276 2119 eines
1290 2063 1525 2132 Werckes
1538 2073 1620 2130 der

50 2135 329 2208 kuͤnſtlichen
345 2131 668 2204 Einrichtung
683 2136 795 2213 oder
808 2130 1051 2213 zierlichen
1073 2130 1331 2213 Schreibart
1378 2138 1625 2210 deſſelben,

50 2207 293 2279 unſtreitig
307 2210 420 2281 weit
439 2201 730 2275 fuͤrzuziehen
745 2203 823 2281 iſt;
861 2202 909 2275 ſo
926 2203 1014 2279 kan
1040 2204 1107 2271 ich
1122 2205 1286 2280 daher,
1297 2211 1392 2273 wie
1405 2211 1623 2282 gedacht,

15 2280 176 2351 nicht
192 2279 379 2360 bergen,
394 2278 489 2346 daß
504 2279 553 2341 in
568 2276 766 2351 ſolchem
779 2275 904 2358 Fall,
916 2280 995 2351 der
1006 2276 1241 2358 Lucanus,
1257 2296 1383 2351 zwar
1397 2284 1524 2354 nicht
1543 2289 1624 2356 als

53 2355 126 2412 ein
153 2349 369 2436 epiſcher
365 2349 606 2427 Dichter;
621 2352 735 2429 aber
747 2350 862 2419 doch
885 2350 964 2436 als
981 2366 1053 2424 ein
1069 2353 1330 2426 politiſcher
1345 2362 1445 2416 und
1461 2373 1626 2416 mora⸗

50 2426 207 2496 liſcher
218 2422 371 2503 Poet,
385 2427 471 2484 vor
487 2433 595 2485 dem
616 2424 741 2497 ſonſt
773 2422 1104 2503 unſchaͤzbaren
1119 2424 1330 2502 Virgil,
1345 2429 1429 2498 bey
1454 2432 1548 2490 mir
1565 2436 1625 2489 ei⸗

12 2511 142 2556 nen
155 2504 343 2566 groſſen
371 2494 585 2574 Vorzug
616 2499 754 2571 habe.
807 2495 1114 2574 Weßwegen
1138 2505 1270 2560 dann
1293 2505 1373 2563 der
1394 2503 1476 2572 ſel.
1491 2506 1625 2572 Herr

50 2568 380 2647 Cantzler
299 2560 384 2651 von
395 2569 730 2644 Seckendorff
735 2572 809 2644 ein
827 2572 925 2643 ſehr
939 2560 1179 2706 naſlige
1199 2574 1627 2646 Werckgeſtifftet,

50 2645 213 2721 datz
164 2637 221 2724 er
241 2644 314 2724 die
337 2637 624 2715 herrlichſten
649 2655 749 2704 und
777 2645 1110 2717 erbaulichſten
1125 2645 1510 2718 Sitten⸗Lehren
1526 2653 1632 2704 aus

56 2717 219 2783 vieſem
234 2710 629 2795 Spruchreichen
648 2719 843 2789 Poeten
871 2718 1273 2790 herausgezogen,
1286 2718 1399 2783 und
1412 2720 1502 2776 mit
1517 2717 1629 2790 heil⸗

58 2783 210 2864 ſamen
226 2786 534 2856 moraliſchen
547 2788 953 2864 Betrachtungen
970 2784 1199 2854 erlaͤutert
1228 2792 1341 2861 hat;
1364 2792 1444 2848 als
1459 2789 1630 2862 welche

55 2856 313 2926 allerdings
340 2858 732 2932 leſenswuͤrdiger
754 2864 885 2935 ſind;
921 2870 1055 2940 dann
1081 2864 1154 2924 die
1183 2861 1461 2936 beygefugte
1484 2872 1653 2938 unge⸗

340 2973 344 2976 ö
768 2937 837 3003 ——j0
872 2938 939 3003 .0
1468 2937 1634 2986 reimte
