2224 3144
945 186 1321 247 Vorrede.

280 305 511 388 ſolches
542 302 713 383 ſchon
756 296 1012 388 Caſpar
1035 296 1407 392 Eylenberg
1441 306 1527 368 in
1552 305 1781 383 ſeinem
1820 314 1997 392 zwar

284 393 357 460 in
388 398 491 459 der
519 386 785 471 Jugend
818 377 1279 476 geſchriebenen
1303 384 1698 465 laͤteiniſchen
1730 393 1998 473 epiſchen

292 473 618 551 Gedichte
611 461 638 557 /
649 476 800 545 zum
823 461 1065 557 Theil,
1085 464 1397 542 erwieſen.
1491 463 1786 549 Zumahl
1809 489 2001 547 wenn

294 573 451 630 man
488 556 578 621 die
612 547 967 629 Geſchichte
1004 542 1180 626 ſelbſt
1215 547 1340 613 mit
1382 551 1585 616 vielen
1630 553 1697 617 in
1740 560 2001 640 derglei⸗

302 643 438 721 chen
478 632 821 710 Gedichten
869 628 1343 714 gewoͤhnlichen
1396 631 1739 712 poetiſchen
1780 639 2003 717 Erfin⸗

300 732 541 803 dungen
588 713 988 795 erleuchten,
1035 726 1140 780 wo
1171 713 1339 794 nicht
1387 713 1697 790 vielmehr
1730 726 2040 787 verdun⸗

300 803 452 873 ckeln
480 799 715 879 wolte;
752 797 1019 878 welches
1049 797 1136 878 ich
1166 795 1315 869 aber
1340 803 1468 863 aus
1495 792 1835 875 beſondern
1869 807 2004 873 Ur⸗

285 885 534 967 ſachen
531 878 556 967 /
588 882 648 962 ſo
680 882 803 950 viel
849 884 978 950 mir
1021 897 1145 949 nur
1189 882 1424 949 immer
1473 878 1749 965 moͤglich
1797 896 2006 965 gewe⸗

295 968 435 1048 ſen
483 965 609 1034 mit
652 961 847 1034 allem
878 964 1074 1047 Ernſt
1107 970 1235 1033 und
1273 963 1482 1047 Fleiße
1527 976 1607 1046 zu
1635 968 2001 1033 vermeiden

302 1050 575 1137 geſuchet
604 1046 785 1131 habe.

296 1156 536 1241 Ich
577 1152 737 1237 habe
776 1154 903 1232 alſo
952 1153 1083 1222 kein
1129 1151 1359 1232 rechtes
1384 1149 1675 1236 Helden
1699 1147 2007 1227 Gedichte

300 1241 580 1318 machen
603 1232 874 1307 wollen;
917 1238 1033 1304 viel
1051 1238 1322 1319 weniger
1350 1245 1568 1316 wegen
1585 1233 1867 1312 Mangel
1903 1236 2008 1324 der

323 1321 618 1400 Kraͤffte,
643 1326 744 1386 der
761 1316 940 1403 Zeit,
983 1318 1236 1390 Geduld
1267 1322 1393 1384 und
1416 1320 1668 1381 anderer
1688 1312 2008 1409 Uinſtan⸗

314 1413 434 1480 de,
461 1405 557 1469 die
583 1404 706 1466 mir
732 1416 844 1467 am
871 1399 1069 1478 beſten
1100 1396 1353 1474 bekant,
1390 1395 1645 1473 machen
1674 1394 1940 1461 koͤnnen.

426 1501 709 1579 Wofern
723 1502 812 1579 ich
832 1499 977 1567 aber
993 1502 1177 1576 dieſes
1208 1500 1387 1580 lange
1401 1495 1624 1591 Werck
1651 1507 1768 1562 vor
1783 1508 2011 1589 zwaͤn⸗

339 1586 449 1667 zig
476 1581 734 1662 Jahren
752 1587 1228 1647 unternommen
1253 1579 1443 1657 haͤtte,
1460 1591 1579 1644 wie
1605 1579 1693 1653 ich
1725 1591 1852 1644 von
1878 1590 2012 1642 vie⸗

352 1668 454 1731 len
480 1662 714 1745 groſſen
733 1658 1039 1730 Goͤnnern
1052 1665 1178 1727 und
1192 1656 1511 1746 Freunden
1529 1657 1833 1738 damahls
1861 1671 2014 1742 zum

355 1743 584 1823 oͤfftern
618 1746 940 1823 angereget
974 1746 1270 1815 worden;
1277 1736 1341 1823 ſo
1408 1738 1577 1818 haͤtte
1607 1747 1675 1807 es
1712 1736 2016 1820 vielleicht

354 1822 585 1900 beſſer,
628 1818 1060 1900 vollſtaͤndiger
1102 1826 1244 1885 und
1273 1819 1636 1900 geiſtreicher
1679 1822 2016 1900 erſcheinen

358 1902 640 1973 koͤnnen:
685 1908 842 1968 denn
891 1900 1224 1981 dazumahl
1274 1831 1438 1986 hatte
1485 1902 1571 1971 ich
1623 1900 1779 1981 ohne
1828 1903 2017 1986 eitlen

363 1978 594 2059 Ruhm
650 1992 727 2060 zu
776 1982 993 2061 ſagen,
1054 1986 1255 2047 etwas
1298 1982 1471 2060 mehr
1528 1980 1772 2064 Feuer,
1832 1982 2018 2068 Zeit,

350 2060 577 2137 Muſſe
623 2067 749 2127 und
796 2062 1082 2138 Geduld,
1127 2073 1266 2129 war
1318 2063 1468 2143 auch
1526 2061 1846 2131 darneben
1880 2069 2021 2135 mit

364 2142 678 2222 wenigern
714 2146 840 2208 und
881 2141 1185 2216 leichteren
1226 2145 1490 2227 Dingen
1544 2143 2021 2231 beſchaͤfftiget;

371 2222 476 2287 als
507 2224 570 2284 in
591 2220 1090 2304 gegenwaͤrtigen
1118 2223 1527 2304 Umſtaͤnden.

455 2316 749 2414 Indeſſen
784 2318 1154 2398 uͤberlieffere
1191 2329 1255 2390 es
1284 2325 1378 2405 izo
1403 2325 1462 2405 ſo
1493 2329 1662 2424 gut,
1710 2331 1852 2395 oder
1878 2324 2026 2394 uͤbel

373 2403 441 2492 es
469 2413 528 2479 zu
541 2416 712 2470 einer
741 2403 962 2481 ſolchen
980 2400 1124 2485 Zeit
1150 2405 1442 2488 gerathen
1465 2406 1704 2474 koͤnnen
1798 2415 1878 2475 da
1900 2409 2026 2473 mir

354 2493 500 2572 eine
536 2485 632 2546 der
659 2480 1143 2576 abſcheulichſten
1172 2485 1896 2567 Kinder⸗Kranckheiten
1933 2490 2028 2553 die

366 2559 575 2636 meiſte
599 2559 739 2644 Zeit
769 2564 1387 2651 hinweggenommen,
1443 2577 1587 2636 und
1604 2571 1757 2636 viele
1782 2572 2028 2649 Sorge,

364 2640 598 2719 Unruh
640 2650 764 2736 und
804 2648 1106 2725 Verdruß
1150 2651 1590 2731 verurſachet,
1661 2648 1890 2726 dahero
1937 2650 2025 2723 ich

360 2722 515 2803 nach
546 2725 930 2807 verrichteten
961 2729 1330 2810 muͤhſamen
1354 2718 2026 2871 Amts⸗Geſchafften,

1960 2820 2008 2870 ir
