1733 2854
761 234 885 305 Der

741 361 803 380 N
851 368 863 382 V

803 432 856 452 V

759 454 854 487 22

108 346 658 497 Saͤchſiſche
799 344 1546 499 Printzenraub
1483 344 1543 499 /

746 536 869 590 oder

227 626 412 732 Der
453 621 1029 729 wohlverdiente
1056 622 1299 738 Koͤhler
1324 649 1382 727 /

573 775 796 859 Erſtes
817 763 1247 858 Buch.

458 919 1148 1018 VIRGILIVS,

580 1019 789 1085 QMueid.
805 1016 921 1084 Lib.
937 1022 1025 1083 IV.

205 1101 287 1167 Ille
309 1116 449 1170 dolos
471 1113 725 1188 dirumque
755 1104 882 1198 nefas
904 1121 953 1167 in
977 1116 1171 1185 pectore
1201 1126 1352 1178 verſat

300 1202 542 1268 Varioque
563 1200 740 1249 irarum
763 1199 957 1250 fluctuat
985 1198 1153 1251 æſtu.

112 1801 276 1863 Hierzu
297 1794 492 1863 beſondre
510 1804 626 1867 Luſt,
659 1806 757 1858 weil
776 1800 989 1870 wuͤrcklich
1012 1812 1123 1863 mein
1143 1809 1314 1877 Gebluͤt

111 1881 247 1944 Noch
266 1893 351 1934 von
373 1885 467 1935 dem
486 1880 688 1950 Roͤhler
702 1886 889 1950 ſtammt
874 1880 883 1967 /
901 1891 970 1941 der
993 1894 1059 1943 den
1088 1880 1306 1967 geraubten
1342 1914 1543 1917 Prinzen

112 1961 208 2016 Die
225 1958 324 2027 ſuͤſſe
341 1962 534 2029 Freyheit
555 1967 661 2029 gab,
687 1969 750 2022 die
760 1968 992 2035 Hoffnung
1017 1976 1095 2028 den
1106 1971 1372 2052 Provinzen,

108 2043 220 2099 Den
241 2043 412 2098 Aeltern
432 2047 545 2111 ihren
563 2048 717 2114 Troſt,
740 2054 834 2105 dem
865 2053 1104 2122 Churhauß
1124 2062 1262 2128 ſeinen
1283 2065 1459 2144 Glanz/

36 2126 212 2182 Der
236 2126 433 2190 Boßßheit
452 2131 567 2195 ihren
587 2132 731 2198 Lohn,
755 2139 844 2203 und
868 2136 944 2202 ſich
967 2144 1045 2197 den
1068 2144 1240 2213 Ehren⸗
1262 2154 1437 2220 Cranz.

139 2253 402 2316 Unendlich
419 2257 573 2322 groſſer
595 2235 719 2332 Fuͤrſt
737 2258 857 2322 der
878 2273 935 2323 du
959 2271 1019 2326 im
1038 2273 1240 2337 Himmel
1255 2280 1390 2349 ſizeſt,

102 2337 199 2391 Und
221 2341 322 2390 dort
336 2348 422 2390 von
440 2340 599 2396 deinem
618 2343 770 2411 Thron
805 2354 877 2405 der
898 2352 1042 2409 Erden
1063 2354 1240 2425 Fuͤrſten
1260 2363 1465 2431 ſchuͤtzeſt,

107 2416 205 2472 Der
227 2423 285 2473 du
306 2423 387 2473 den
409 2419 566 2474 David
595 2427 672 2492 offt
693 2442 794 2485 vom
816 2435 1068 2503 Untergang
1099 2442 1283 2510 befreyt,

110 2498 259 2560 Wenn
286 2504 546 2569 mancherley
573 2509 743 2576 Gefahr
762 2516 850 2579 ihm
875 2519 995 2581 ſchon
1018 2527 1098 2580 den
1124 2524 1248 2582 Todt
1264 2519 1470 2599 gedraͤut:

857 2582 897 2638 A
934 2602 962 2634 2
1396 2591 1500 2643 Der

125 1372 634 1449 Es
655 1384 851 1455 Cunzen
867 1378 1516 1459 Prinzenraub
1219 1372 1246 1459 /
1271 1372 1357 1459 des
1382 1372 1516 1459 Roͤh⸗

465 1450 483 1520 IN
833 1449 1009 1521 lers
1034 1450 1205 1516 tapfre
1245 1449 1521 1534 Thaten/

382 1523 404 1580 D
545 1521 772 1584 Wodurch
786 1521 847 1601 der
869 1521 1036 1601 Raͤuber
1054 1521 1168 1601 ſelbſt
1178 1530 1222 1585 in
1248 1521 1385 1601 deſſen
1407 1538 1532 1600 Hand

919 1589 1160 1650 gerathen,
1362 1607 1537 1636 Ftüt

185 1657 713 1728 Oeſing
732 1657 795 1721 ich
817 1659 1097 1737 dieſesmahl:
1138 1663 1207 1718 Es
1233 1663 1375 1734 traͤget
1398 1679 1512 1732 mein

279 1706 502 1760 .
916 1725 1255 1789 Gemuͤch
