1943 3200
914 216 1288 285 Vorrede.

281 316 346 387 in
361 316 550 423 dieſer
592 332 876 419 geringen
920 330 1135 407 Arbeit
1181 334 1305 402 eine
1350 331 1723 420 geziemende
1770 335 1894 408 Ge⸗

281 409 994 511 muͤths⸗Ergezlichkeit
1010 409 1047 511 /
1037 426 1158 491 und
1183 416 1640 506 Abwechslung
1678 424 1780 487 des
1803 420 1894 489 be⸗

282 499 669 604 ſchwerlichen
739 505 1051 583 Krancken
1106 499 1358 604 Beſuchs
1398 543 1400 589 /
1458 504 1567 589 bey
1615 507 1889 593 wenigen

280 594 563 680 muͤßigen
589 591 918 673 Stunden
896 589 931 680 /
955 589 1215 680 geſuchet
1244 598 1366 661 und
1400 591 1547 673 auch
1587 593 1896 678 angetrof⸗

281 678 378 762 fen
411 677 592 764 habe;
635 681 690 763 ſo
718 683 833 763 daß
855 681 939 763 ich
971 679 1218 764 hernach
1243 692 1316 764 zu
1352 681 1577 747 meiner
1605 677 1894 765 gewoͤhn⸗

281 768 460 853 lichen
490 765 997 855 BeruffsArbeit
1039 765 1190 847 deſto
1232 770 1537 834 munterer
1572 771 1698 836 und
1735 765 1894 849 freu⸗

282 859 442 948 diger
465 856 667 946 zuruͤck
695 854 875 947 gehen
911 852 1248 930 koͤnnen.

279 962 481 1054 Ich
513 962 655 1047 habe
687 968 749 1033 es
782 956 1060 1039 demnach
1097 949 1500 1051 vornehmlich
1535 956 1634 1021 der
1665 949 1893 1040 goͤttli⸗

286 1053 419 1137 chen
455 1049 813 1135 Vorſehung
853 1059 992 1132 zum
1036 1037 1414 1137 ſchuldigſten
1463 1038 1716 1113 Dancke
1766 1042 1891 1110 und

285 1142 527 1232 Preiße
546 1132 859 1222 hiernaͤchſt
888 1138 1019 1200 dem
1035 1133 1340 1215 geneigten
1374 1121 1521 1219 Leſer
1544 1137 1651 1210 zur
1677 1121 1892 1195 erbau⸗

289 1230 468 1312 lichen
507 1229 862 1310 Ergezung,
906 1220 1026 1284 und
1059 1218 1221 1282 dann
1271 1216 1406 1277 dem
1451 1209 1890 1308 wohlverdien⸗

288 1323 385 1389 ten
420 1305 868 1392 Trilleriſchen
912 1296 1274 1379 Geſchlechte
1321 1308 1465 1378 zum
1509 1294 1885 1378 ruͤhmlichen

240 1397 663 1478 Andencken
710 1391 971 1479 aufſezen
1005 1376 1271 1461 wollen;
1320 1384 1445 1448 und
1487 1376 1596 1448 bin
1635 1378 1880 1467 herzlich

290 1488 625 1575 zufrieden,
658 1490 837 1545 wenn
877 1469 979 1553 ſich
1017 1466 1160 1563 nach
1196 1466 1368 1543 mir,
1415 1466 1573 1533 einer
1615 1473 1737 1535 aus
1766 1483 1880 1538 un⸗

289 1578 436 1656 ſerm
455 1560 878 1644 Geſchlechte,
908 1568 988 1622 an
1018 1550 1195 1629 dieſes
1231 1548 1373 1627 noch
1398 1546 1881 1642 unvollkomme⸗

288 1668 359 1728 ne
386 1647 594 1727 Werck
634 1657 750 1712 von
789 1643 997 1708 neuem
1040 1634 1318 1713 machen,
1356 1629 1605 1714 daſſelbe
1652 1636 1875 1719 verbeſ⸗

290 1745 443 1824 ſern,
479 1738 596 1802 und
623 1719 1034 1821 ausarbeiten,
1068 1723 1210 1802 oder
1243 1729 1409 1812 ganz
1429 1723 1553 1785 und
1592 1732 1708 1804 gar
1739 1737 1884 1791 um⸗

289 1819 590 1905 ſchmelzen
632 1814 748 1878 und
775 1821 837 1874 in
848 1817 993 1902 eine
1025 1805 1206 1896 andre
1230 1799 1591 1896 geſchicktere
1619 1803 1875 1888 Forme,

294 1909 405 1976 mit
433 1898 720 1979 mehrerm
745 1885 1005 1964 Gluͤcke,
1049 1882 1260 1969 gieſſen
1289 1880 1514 1952 wollte.

293 2016 649 2106 Indeſſen
675 2003 952 2093 uͤbergebe
969 2010 1032 2102 es
1048 2007 1136 2073 dir
1162 2000 1423 2086 hiermit,
1438 2004 1538 2072 als
1569 2007 1660 2072 ein
1688 2001 1867 2087 hiſto⸗

290 2106 488 2183 riſches
504 2096 797 2173 Gedichte,
816 2089 1159 2173 dergleichen
1181 2100 1289 2155 vor
1317 2089 1526 2164 dieſem
1550 2094 1725 2156 unter
1745 2096 1855 2157 den

291 2182 598 2262 Griechen
621 2177 895 2267 Quintus
915 2184 1032 2238 von
1059 2172 1382 2252 Smyrna,
1399 2170 1713 2253 Coluthus
1741 2183 1862 2240 von

292 2264 556 2348 Theben
553 2256 580 2351 /
598 2256 1048 2351 Tryphiodorus
1081 2259 1200 2320 und
1226 2256 1511 2337 Nonnus
1542 2260 1663 2323 aus
1692 2257 1861 2339 Egy⸗

296 2359 432 2433 pten
509 2348 587 2409 und
603 2340 871 2417 Muſaͤus
898 2342 1013 2404 aus
1036 2335 1271 2418 Athen,
1296 2344 1428 2405 oder
1448 2338 1857 2416 Alexandrien,

288 2426 447 2503 nebſt
466 2430 710 2499 andern;
741 2426 906 2486 unter
929 2426 1032 2486 den
1048 2419 1364 2491 Lateinern
1388 2417 1529 2488 aber
1541 2420 1853 2494 Lucanus,

299 2509 514 2579 Silius
540 2504 855 2585 Italicus,
883 2497 1208 2585 Papinius
1233 2504 1696 2581 Statius
1519 2497 1543 2585 /
1567 2504 1696 2581 auch
1713 2513 1851 2584 zum

297 2586 466 2664 Theil
483 2587 856 2669 Claudianus
877 2592 1005 2662 /der
1029 2586 1214 2651 vielen
1242 2599 1455 2652 neuern
1474 2587 1565 2668 izo
1590 2585 1747 2662 nicht
1776 2593 1845 2660 zu

300 2667 624 2759 gedencken,
666 2667 750 2730 die
771 2660 981 2759 bereits
1013 2672 1326 2734 anderswo
1354 2679 1474 2733 von
1510 2670 1629 2735 mir
1671 2674 1843 2739 ange⸗

299 2745 487 2821 fuͤhret
504 2750 754 2820 worden,
777 2744 1060 2825 ruͤhmlich
1090 2747 1438 2830 geſchrieben
1467 2747 1700 2827 haben:
1739 2740 1842 2821 In

295 2824 519 2901 welcher
535 2824 724 2902 Claſſe
743 2828 813 2893 es
842 2825 1113 2910 vielleicht
1131 2835 1236 2899 den
1264 2831 1556 2909 unterſten
1571 2824 1669 2910 Pl
1674 2837 1736 2968 0
1757 2836 1838 2963 —

1720 2914 1840 2979 hal⸗
