2017 3200
995 214 1318 287 Vorrede.

373 328 472 413 mit
498 309 647 407 dieſen
660 315 959 401 Creaturen/
976 307 1269 383 ungeachtet,
1284 301 1438 375 bißher
1457 304 1504 371 ſo
1528 293 1798 375 edelmuͤthig
1815 314 1897 370 und

378 393 590 485 ſiegreich
607 391 845 467 geſtritten
861 386 1041 472 haben;
1067 387 1255 444 werden
1272 394 1370 438 nun
1387 376 1501 444 auch
1524 374 1814 447 vermuthlich
1833 383 1900 440 all⸗

374 476 479 549 hier
496 477 608 545 gute
624 461 939 548 Gelegenheit
952 462 1127 533 finden,
1141 456 1239 527 ihre
1261 453 1485 520 ſchweren
1501 451 1598 506 und
1620 448 1899 522 ungeſchliffe⸗

379 564 473 611 nen
485 540 698 616 Waffen
714 543 804 599 mit
816 549 966 620 einem
980 532 1160 607 ſonſt
1128 520 1181 620 in
1181 533 1285 588 dem
1301 524 1562 596 Scheuren
1581 517 1900 590 gewoͤhnlichen

374 611 714 715 Nachdrucke,
727 609 996 696 herzhafftig
1009 622 1059 680 zu
1073 602 1380 679 gebrauchen.
1415 596 1525 660 Sie
1538 594 1672 665 ſollen
1688 595 1790 651 aber
1800 591 1901 665 kürz⸗

378 698 465 771 lich
489 691 669 779 wiſſen,
684 686 778 773 daß
788 700 879 747 wir
893 691 991 745 uns
1012 680 1138 752 nicht
1159 683 1389 748 dargegen
1406 666 1620 739 einlaſſen
1658 668 1807 725 werden
1830 670 1901 729 in⸗

377 779 487 836 dem
510 783 602 830 wir
630 774 730 847 troz
751 761 883 836 ihren
899 751 1296 832 abgeſchmackten
1311 740 1663 818 Spoͤttereyen,
1687 737 1815 798 lieber
1834 741 1904 806 bey

375 848 564 922 unſerer
582 842 906 926 ſogenannten
931 830 1162 905 critiſchen
1179 818 1463 894 Großmuth
1483 816 1632 888 ferner
1644 811 1907 877 verbleiben;

375 926 459 1005 als
480 922 624 990 ihnen
651 931 715 977 an
735 907 1059 987 paͤdantiſcher
1078 899 1359 979 Zanckſucht
1381 896 1481 953 und
1503 882 1808 961 pobelhafften
1819 887 1907 946 Un⸗

355 986 802 1078 hoͤflichkeitgleich
813 988 1001 1045 werden
1012 979 1176 1043 wollẽ;
1191 974 1300 1034 weil
1310 973 1439 1043 jenes
1450 963 1617 1033 allezeit
1629 958 1756 1030 mehr
1769 957 1906 1028 Ehre:

378 1073 497 1147 dieſe
533 1062 883 1137 unanſtaͤndige
924 1049 1232 1129 Auffuͤhrung
1264 1047 1492 1118 hingegen
1530 1035 1664 1107 mehr
1679 1023 1906 1107 Schande

359 1149 564 1229 donn
757 1135 872 1207 auch
885 1129 956 1202 biß
970 1129 1066 1202 auf
1078 1128 1149 1188 die
1164 1105 1296 1203 ſpaͤte
1321 1105 1543 1203 Nachwelt
1568 1105 1670 1203 noch
1692 1105 1785 1178 fort
1805 1108 1908 1164 dau⸗

376 1240 463 1288 ren
481 1232 624 1279 wird.

379 1283 743 1346 Gleichwohl
755 1276 845 1340 muß
858 1277 911 1335 ich
935 1274 1053 1334 ihnen
1068 1269 1162 1329 noch
1186 1269 1239 1320 im
1254 1267 1486 1318 Vertrauen
1507 1255 1744 1308 bermelden,
1766 1254 1805 1300 es
1822 1258 1902 1304 mag

382 1359 508 1417 ihnen
530 1362 597 1403 nun
615 1348 714 1404 lieb,
728 1348 822 1395 oder
843 1339 917 1391 leid
931 1338 1041 1396 ſeyn,
1053 1334 1129 1390 daß
1142 1330 1256 1388 dieſes
1269 1324 1452 1382 Gedichte
1474 1314 1797 1374 unterſchiedenen
1810 1309 1903 1366 groſ⸗

382 1423 468 1479 ſen,
488 1400 669 1479 gelehrten
687 1410 770 1456 und
788 1404 831 1468 in
843 1407 911 1451 der
923 1393 1158 1451 Dichtkunſt
1171 1391 1274 1447 ſelbſt
1291 1385 1504 1441 erfahrnen
1516 1365 1904 1441 Staats⸗Miniſtern

380 1484 468 1541 und
482 1475 612 1535 hohen
624 1459 1043 1521 Stands⸗Perſonen,
1067 1454 1202 1508 welche
1225 1454 1265 1498 es
1277 1441 1551 1501 aufmerckſam
1570 1450 1614 1493 zu
1628 1430 1834 1489 durchleſen
1853 1438 1905 1485 ge⸗

381 1532 685 1593 wuͤrdiget,
627 1511 693 1593 ehe
711 1531 752 1576 es
775 1524 867 1579 noch
889 1515 1063 1576 gedruckt
1080 1516 1274 1564 worden
1294 1505 1393 1561 nicht
1417 1499 1504 1553 uͤbel
1527 1498 1717 1556 gefallen;
1749 1492 1902 1547 ſondern

350 1604 500 1654 deren
512 1592 672 1654 gutigen
696 1574 850 1654 Beyfall
862 1578 981 1635 vollig
1000 1573 1214 1631 erhalten;
1236 1570 1274 1628 ſo
1288 1578 1376 1625 gar,
1395 1563 1473 1620 daß
1483 1559 1530 1618 ſie
1545 1558 1620 1610 mir
1640 1549 1830 1613 beſtaͤndig
1843 1559 1904 1597 an⸗

383 1664 554 1722 gelegen,
563 1658 604 1703 es
616 1657 702 1701 dem
713 1642 872 1715 Drucke
883 1636 1094 1697 geſchwind
1107 1644 1151 1688 zu
1165 1628 1390 1683 übergeben.
1414 1621 1523 1675 Weil
1539 1631 1622 1669 nun
1639 1621 1751 1665 deren
1764 1604 1908 1663 Urtheil

382 1711 681 1784 ſcharffſinnig,
702 1708 896 1766 gelaͤutert
915 1701 998 1750 und
1019 1706 1096 1745 von
1108 1696 1202 1743 aller
1219 1689 1361 1746 ſolchen
1377 1677 1743 1738 Schulſtaubichten
1756 1669 1903 1741 Gelehr⸗

379 1777 540 1845 ſamkeit
564 1772 656 1824 weit
676 1768 894 1826 entfernet,
922 1754 1156 1814 dergleichen
1188 1752 1280 1802 dieſe
1303 1741 1713 1799 Winckel⸗liebenden
1743 1729 1936 1798 Buͤcher⸗

382 1839 583 1898 Wuͤrmer
598 1842 728 1884 etwan
748 1824 902 1896 beſizen,
924 1824 999 1871 und
1012 1805 1323 1877 Schuͤlermäͤßig
1348 1807 1445 1865 groß
1464 1800 1588 1863 damit
1605 1800 1726 1855 thun;
1756 1794 1803 1862 ſie
1822 1799 1868 1838 au

382 1902 584 1959 darneben
597 1904 731 1951 wegen
744 1890 850 1945 ihres
878 1882 991 1942 hohen
1022 1877 1182 1945 Standes
1199 1876 1281 1939 und
1295 1873 1459 1918 anderer
1484 1849 1905 1932 Gluͤcks⸗Vorzuge,gar

343 1964 486 2022 nicht
499 1955 643 2017 Urſach
659 1952 812 2017 haben,
840 1944 917 2012 mir
941 1942 1018 1990 aus
1038 1937 1173 1993 irgend
1188 1941 1337 2000 einiger
1349 1925 1528 1985 Abſicht,
1559 1912 1844 1970 niedertrachtig
1865 1913 1903 1960 zu

371 2012 708 2088 ſchmeicheln;
675 2008 717 2088 ſo
729 2012 833 2061 wird
855 2014 934 2055 mii
944 2002 1029 2070 und
1043 2003 1195 2048 andern
1208 1988 1500 2045 vernuͤnfftigen
1514 1970 1657 2051 Leuten,
1669 1974 1797 2036 ſolcher
1809 1959 1903 2043 groſ⸗

382 2089 447 2147 ſen
459 2076 657 2134 Maͤnner
675 2063 1034 2129 hochanſehnlicher
1047 2055 1214 2124 Beyfall
1234 2049 1375 2106 allezeit
1403 2048 1470 2097 viel
1499 2033 1671 2110 wichtiger
1695 2037 1774 2104 und
1795 2023 1904 2100 guͤlti⸗

381 2156 450 2206 ger
460 2144 548 2199 feyn
562 2153 577 2193 z
596 2136 662 2203 als
675 2135 771 2198 aller
783 2121 1017 2189 dergleichen
1032 2113 1327 2182 tadeiſüchtigen
1342 2107 1491 2161 Neider
1502 2108 1586 2165 und
1598 2095 1765 2167 unreifer
1776 2086 1903 2144 Split

380 2201 580 2265 terrichter
602 2189 789 2252 haͤmiſche
813 2188 1063 2245 Adneigung,
1074 2181 1163 2236 und
1176 2167 1507 2232 nichtswuͤrdiges
1517 2160 1748 2221 Geſchwaͤde,
1761 2139 1900 2221 welches

383 2266 461 2317 aus
475 2260 606 2309 Wind
627 2250 880 2320 entſtanden,
909 2248 990 2291 und
1013 2241 1155 2288 wieder
1181 2234 1221 2285 in
1246 2233 1375 2283 Wind
1396 2222 1646 2285 zerfaͤhret.
1815 2261 1860 2271 4

388 2320 607 2382 Sollten
630 2310 821 2364 übrigens
841 2317 881 2354 in
903 2300 1037 2356 dieſem
1058 2300 1204 2353 langen
1230 2268 1414 2364 Gedichte
1435 2288 1536 2344 nicht
1574 2268 1654 2364 alle
1678 2268 1779 2364 Verſe
1795 2254 1902 2349 gleich

380 2377 508 2442 ſchoͤn,
521 2372 626 2438 nicht
646 2373 718 2436 alle
734 2365 965 2433 Gedancken
979 2359 1093 2417 gleich
1111 2335 1258 2420 richtig
1284 2358 1345 2403 und
1369 2347 1550 2404 wichtia,
1578 2339 1765 2400 nicht,alle
1778 2324 1898 2382 Erfin⸗

380 2447 538 2494 dungen
555 2433 670 2499 gleich
679 2424 907 2495 finnreich,
917 2422 1027 2490 nicht
1043 2422 1114 2469 alle
1136 2410 1375 2468 Veywörker
1395 2407 1511 2466 gleich
1532 2391 1805 2460 nachdrücklich
1819 2390 1895 2448 dem

383 2492 762 2555 kunſtverſtaͤndigen
773 2483 871 2542 Leſer
892 2483 1162 2534 furkommen,
1178 2475 1331 2526 welches
1345 2480 1439 2520 man
1452 2477 1546 2520 gern
1559 2460 1726 2518 zugiebt;
1754 2454 1788 2510 ſo
1802 2439 1902 2523 welle

383 2559 464 2625 uns
485 2551 645 2607 derſelbe
665 2546 759 2601 dieſe
780 2544 856 2599 faſt
879 2536 1231 2588 unvermeidlichen
1254 2531 1395 2590 Fehler
1416 2523 1526 2583 guͤtig
1552 2521 1738 2576 verzeihen
1760 2510 1833 2558 und
1848 2506 1893 2547 an

385 2623 447 2674 die
467 2613 678 2676 bekannten
697 2605 842 2667 Worte
862 2602 929 2648 des
942 2572 1075 2658 Horaz
1095 2572 1306 2658 gedencken,
1320 2586 1459 2638 womit
1480 2572 1533 2658 ich
1542 2582 1644 2639 dieſe
1664 2576 1778 2626 meine
1793 2560 1892 2637 Bor⸗

370 2678 472 2725 rede
495 2671 648 2726 hiermit
668 2660 888 2717 beſchlieſſen
913 2657 1023 2705 will:
1817 2659 1819 2662 ö

453 2744 656 2815 Verum
677 2752 836 2810 opere
857 2734 910 2787 in
931 2734 1097 2804 longo
1118 2727 1194 2780 fas
1212 2725 1281 2778 eſt
1307 2721 1561 2792 obrepere
1584 2702 1827 2789 ſomnum.

871 2855 998 2920 „
