1943 3200
1302 968 1340 999 2
1450 959 1621 997 9

1133 1050 1217 1065 —
1320 1050 1371 1065 —
1429 1050 1519 1055 —

1538 1051 1751 1087 ,

326 1374 447 1450 Arff
460 1376 544 1450 ſich
574 1369 1178 1455 Durchlaͤuchtigſter,
1225 1376 1352 1436 mein
1381 1369 1565 1448 Koͤhler
1593 1384 1650 1445 zu

1049 1454 1159 1514 Dir
1178 1465 1378 1531 wagen/

332 1520 464 1589 Daß
497 1537 543 1580 er
568 1521 653 1592 ſich
690 1530 784 1582 aus
820 1527 926 1582 dem
949 1523 1140 1592 Wald,
1180 1538 1232 1592 zu
1248 1522 1468 1583 Deinem
1488 1516 1652 1589 Thro⸗

1051 1611 1107 1654 ne
1131 1596 1285 1664 naht?

121 1675 265 1740 Mag
296 1667 395 1738 ihm
428 1662 635 1720 erlaubet
666 1662 807 1732 ſeyn,
852 1666 901 1723 in
931 1666 1156 1737 Demuth
1184 1667 1518 1737 fuͤrzutragen,

124 1764 272 1824 Was
259 1749 311 1829 er
363 1749 441 1825 fuͤr
468 1755 599 1812 einen
620 1752 798 1826 Dienſt
819 1757 928 1826 einſt
949 1759 1162 1820 Deinem
1190 1756 1370 1829 Hauße
1393 1755 1537 1828 that?

125 1849 295 1924 Darff
319 1864 365 1906 er
386 1849 459 1904 die
481 1848 575 1904 alte
592 1844 723 1908 Treu
751 1848 799 1905 in
821 1862 967 1907 neuen
989 1842 1197 1918 Reimen
1219 1848 1408 1918 zeigen;

129 1948 230 2012 So
261 1944 384 2004 wird
410 1943 622 2000 alsdann
647 1938 738 2012 ſein
758 1935 912 2001 Gluͤck
931 1955 1034 2012 zum
1057 1937 1263 2014 hoͤchſten
1277 1942 1449 2014 Gipfel
1473 1942 1661 2016 ſteigen.

831 2094 958 2159 *

130 2166 316 2300 Zwar
342 2217 396 2289 iſt
419 2231 466 2278 er
490 2216 615 2289 nicht
630 2218 880 2288 gewohnt,
900 2222 979 2278 der
998 2213 1145 2291 Hoͤffe
1165 2218 1353 2292 Pracht
1378 2233 1429 2291 zu
1444 2220 1670 2294 ſchauen;

137 2315 282 2379 Sein
316 2312 560 2388 ſchwarzer
595 2312 974 2385 Kohlen⸗-Rock
1008 2307 1162 2415 ſchickt
1196 2315 1282 2388 ſich
1322 2330 1427 2389 zum
1462 2314 1671 2414 Purpur

1122 2390 1129 2399 „

1081 2388 1232 2461 nicht:

141 2479 213 2543 Er
236 2477 345 2538 liebt
364 2479 434 2539 die
454 2477 766 2552 Einſamkeit,
789 2494 834 2540 er
855 2479 1026 2552 wohnt
1045 2479 1094 2542 in
1113 2474 1284 2545 Wald
1307 2488 1407 2545 und
1432 2482 1600 2556 Auen,

136 2574 246 2635 Und
271 2570 386 2643 ſeine
411 2569 673 2644 Finſterniß
693 2564 903 2645 vertraͤgt
928 2573 1026 2633 kein
1050 2575 1189 2646 helles
1209 2575 1361 2649 Licht;

137 2670 209 2733 Er
230 2666 352 2737 weiß
372 2666 526 2737 nichts
550 2680 645 2728 von
669 2672 747 2744 der
761 2668 918 2741 Kunſt,
968 2667 1051 2741 ſich
1074 2663 1285 2744 praͤchtig
1309 2661 1674 2744 auszudruͤcken,

136 2765 243 2829 Die
267 2764 458 2837 Einfalt
482 2755 558 2826 der
583 2765 759 2828 Natur
784 2763 899 2837 muß
920 2765 1069 2840 ſeinen
1103 2770 1332 2841 Vortrag
1352 2760 1722 2840 ſchmuͤcken.

861 2858 1102 2930 903
1494 2855 1679 2927 Jeden⸗
