1886 3106
62 245 225 388 Her
242 294 349 363 waͤr
376 309 426 362 es
450 314 550 360 nun
569 311 694 369 zwar
717 300 878 370 leicht,
898 300 1008 370 euch
1026 302 1206 369 Beyde
1225 313 1277 370 zu
1294 302 1603 374 vergleichen;

60 389 209 462 Doch
236 394 362 455 Eure
381 393 644 461 Tugenden
674 392 775 461 ſind
810 386 963 463 laͤngſt
985 395 1066 450 der
1084 391 1233 452 Welt
1255 392 1486 450 bekannt:

64 476 280 551 Umſonſt
303 481 424 552 ſucht
446 494 560 538 man
588 483 697 539 dem
710 481 859 542 Meer
885 480 1002 549 noch
1025 478 1234 551 Waſſer
1259 479 1644 558 darzureichen,

66 565 355 640 Vergebens
376 572 497 630 wird
528 573 602 631 ein
626 573 748 642 Licht
780 577 859 632 der
882 572 1113 634 Sonnen
1139 570 1471 640 angebrannt;

69 656 178 716 Und
203 665 308 717 was
333 658 402 716 die
422 658 583 729 Fama
615 661 742 731 ſelbſt
769 663 911 731 durch
937 663 1024 720 alle
1051 652 1232 720 Laͤnder
1256 651 1449 729 traͤget,
1661 681 1721 740 ů—

70 744 208 818 Dem
235 745 355 819 wird
384 748 526 834 durch
561 752 747 814 meinen
768 752 984 832 Ruhm,
1019 750 1120 825 kein
1148 749 1306 826 Zuſatz
1333 747 1651 820 beygeleget.

73 1007 273 1138 Was
297 1061 410 1133 einſt
439 1064 518 1121 der
541 1058 723 1135 Koͤhler
750 1079 851 1126 nun
873 1077 969 1123 von
991 1063 1152 1135 Jenes
1179 1060 1346 1131 Gunſt
1368 1057 1614 1132 genoſſen;

79 1150 231 1221 Hofft
253 1151 346 1221 ſein
369 1153 707 1227 Verwandter
732 1156 847 1224 auch
867 1169 962 1214 von
983 1156 1181 1226 Deiner
1199 1151 1478 1221 Guͤtigkeit:

80 1241 208 1302 Wie
244 1244 313 1313 ich
351 1247 467 1315 nach
504 1252 611 1318 dem
645 1243 949 1321 Geſchlecht,
1001 1261 1097 1305 von
1142 1247 1291 1316 deſſen
1337 1245 1479 1309 Blut
1518 1251 1619 1315 ent⸗

1002 1336 1229 1407 ſproſſen;

90 1428 194 1490 So
215 1425 309 1496 hab
334 1424 403 1496 ich
431 1423 549 1491 mich
576 1424 665 1480 mit
690 1424 821 1492 ihm,
858 1426 971 1492 auch
998 1426 1187 1493 gleicher
1208 1425 1341 1487 Treu
1360 1427 1586 1497 geweiht:

95 1517 198 1582 So
231 1509 335 1584 fuͤhl
352 1511 419 1580 ich
443 1511 557 1581 auch
585 1513 635 1570 in
661 1513 751 1570 mir
769 1514 841 1571 die
866 1514 1221 1588 eingepflanzten
1244 1515 1418 1577 Triebe

95 1596 200 1682 Von
235 1596 387 1679 einer
427 1602 650 1677 redlichen
683 1605 781 1676 und
816 1602 1009 1675 wahren
1045 1602 1476 1682 Sachſen⸗Liebe.

101 1863 323 1986 Nimm
345 1909 443 1980 alſo
468 1906 609 1979 dieſes
634 1907 811 1969 Werck
841 1921 935 1966 von
955 1906 1150 1968 Deines
1174 1906 1395 1969 Dieners
1414 1901 1633 1986 Haͤnden

104 1998 607 2080 Durchlauchtſter
638 1995 946 2095 Friederich
970 2032 982 2077 /
1023 2008 1208 2077 geneigt
1228 2013 1327 2076 und
1350 2010 1499 2080 willig
1525 2011 1635 2080 hin

105 2100 272 2171 Wirſt
298 2100 398 2160 Du
422 2098 515 2170 auf
532 2096 633 2166 dieß
656 2096 860 2167 Gedicht
886 2099 958 2157 ein
982 2090 1160 2168 gnaͤdig
1181 2099 1319 2169 Auge
1337 2106 1564 2166 wenden;

106 2197 267 2262 Denn
303 2192 357 2264 iſt
402 2192 526 2252 mein
571 2190 789 2263 Wunſch
835 2190 1030 2264 erfuͤllt,
1077 2192 1243 2264 wehr,
1288 2194 1368 2266 als
1400 2194 1474 2266 ich
1512 2189 1642 2254 wuͤr⸗

1030 2283 1110 2354 dig
1132 2282 1389 2342 bin:

103 2376 265 2440 Wird
307 2375 405 2448 dich
436 2375 551 2448 auch
583 2391 676 2438 nur
708 2377 782 2436 ein
811 2375 964 2461 Reim
1000 2376 1051 2435 in
1085 2376 1225 2447 dieſer
1260 2376 1528 2449 Schrifft,
1576 2391 1675 2435 er⸗

839 2533 860 2542 —
1037 2480 1170 2537 gezen
1189 2480 1227 2531 3

100 2560 203 2626 So
237 2562 367 2621 werd
398 2560 465 2631 ich
500 2562 682 2625 meinen
702 2561 834 2635 Fleiß
859 2556 935 2635 fuͤr
962 2561 1274 2632 unverlohren
1306 2549 1506 2630 ſchaͤzen.

940 2709 1008 2780 —f—
1044 2730 1079 2778 4
1542 2690 1651 2751 Dir
