1829 3011
84 252 244 379 Der
266 301 478 376 Himmel
507 299 601 370 ſetze
632 300 765 370 Dich
799 316 902 370 zum
931 304 1288 362 unverwelckten
1316 304 1548 373 Segen!

88 395 200 456 Und
222 398 332 467 zeige
354 396 458 456 Dir
478 393 567 465 ſein
592 393 724 463 Heyl
749 394 888 464 durch
907 394 1077 461 reiches
1100 394 1459 465 Wohlergehn;

84 488 169 551 Er
197 490 325 549 woͤlle
347 487 592 558 Schmuck
619 492 718 546 und
743 487 844 559 Ehr
879 489 972 558 auf
997 487 1162 548 Deine
1193 488 1416 556 Scheitel
1446 488 1600 557 legen,

105 582 206 640 Und
230 579 328 649 laſſe
349 579 458 649 ſtets
491 578 631 640 Dein
654 574 808 640 Gluͤck
829 580 922 649 auf
948 578 1133 650 ſichrem
1157 580 1362 639 Grunde
1382 578 1536 650 ſtehn,

105 666 221 727 Wie
249 665 359 734 auch
387 671 474 725 den
497 667 813 740 Rautenſtock
840 673 919 728 der
946 667 1329 738 weltberuhmten
1360 664 1608 735 Sachſen

106 756 182 826 In
203 750 549 827 unverbluͤhtem
572 757 727 831 Flor,
762 758 838 831 biß
858 758 949 830 auf
971 760 1042 817 die
1063 757 1351 829 Nachwelt,
1385 756 1608 827 wachſen.

113 1017 224 1132 Es
260 1063 331 1134 ſey
376 1065 520 1132 Dein
559 1062 929 1150 Friedenſtein
972 1076 1050 1132 der
1093 1069 1198 1144 Siz
1244 1083 1357 1131 vom
1409 1065 1615 1143 guͤldnen

1024 1159 1215 1234 Friede!

127 1251 202 1312 Es
222 1266 359 1321 wage
379 1251 462 1324 ſich
485 1252 580 1310 kein
602 1252 746 1321 Feind
766 1266 830 1309 an
853 1250 989 1310 Dein
1011 1244 1259 1318 beglücktes
1285 1248 1439 1308 Land!

133 1341 236 1401 Die
256 1340 435 1409 Ruhe,
468 1342 536 1401 die
567 1338 718 1406 bißher
744 1346 833 1397 aus
861 1342 1021 1394 andern
1042 1330 1246 1409 Laͤndern
1279 1337 1479 1405 ſchiede;

142 1429 268 1497 Kehr
292 1429 399 1496 ſtets
425 1431 473 1484 in
499 1428 708 1491 Deinem
731 1428 837 1489 ein,
869 1429 964 1484 und
988 1425 1108 1492 halte
1127 1425 1259 1492 feſten
1283 1428 1494 1488 Stand,

148 1513 271 1590 Daß
292 1529 353 1573 an
374 1520 451 1570 der
475 1513 781 1577 Schwerdter
803 1511 939 1579 ſtatt,
974 1511 1022 1565 in
1042 1510 1172 1579 ſeinen
1202 1507 1371 1590 ſtillen
1372 1507 1625 1578 Graͤnzen,

152 1604 259 1677 Auf
272 1609 351 1662 dem
354 1603 606 1674 gereiften
629 1599 766 1674 Feld,
801 1614 888 1676 nur
910 1598 1084 1676 blancke
1104 1599 1309 1675 Sicheln
1336 1595 1549 1675 glaͤnzen.

163 1848 345 1973 Dein
378 1884 597 2021 wündigſt
635 1890 952 1971 Ehgemahl,
1044 1901 1196 1958 das
1165 1886 1195 1975 8
1166 1877 1267 1963 Dir
1297 1902 1385 1971 ſein
1414 1904 1538 1980 Herz
1567 1920 1633 1964 er⸗

1057 1986 1218 2052 geben,

168 2071 286 2136 Sey
306 2071 449 2138 ferner
469 2070 598 2137 nach
609 2028 894 2142 Verdienſt,
927 2070 1014 2123 das
1037 2068 1233 2130 Kleinod
1260 2068 1392 2137 dieſer
1411 2072 1568 2141 Zeit!

168 2158 275 2216 Sie
295 2151 505 2223 ſchmuͤcke
529 2157 661 2221 lange
683 2158 792 2222 noch
814 2144 884 2211 die
888 2144 1044 2217 Welt
1066 2153 1150 2209 mit
1166 2152 1310 2221 ihrem
1330 2156 1495 2225 Leben,

170 2247 286 2305 Den
307 2247 420 2313 Hof
447 2248 532 2303 mit
553 2247 840 2316 Tugenden,
876 2251 963 2307 das
983 2245 1128 2311 Haus
1160 2248 1246 2309 mit
1273 2246 1642 2316 Fruchtbarkeit;

169 2336 270 2426 Ihr
309 2332 420 2403 Erb
445 2332 667 2430 ⸗Prinz
693 2333 846 2458 wachs
883 2349 978 2404 und
1014 2337 1150 2411 bluͤh,
1201 2358 1275 2411 zur
1311 2344 1472 2414 Zierde
1505 2345 1646 2419 ſeiner

1068 2432 1265 2502 Ahnen/

168 2508 290 2610 Zum
304 2515 477 2642 1
491 2521 568 2579 der
581 2517 937 2591 Wiſſenſchafft/
949 2520 1044 2578 und
1066 2516 1204 2584 Troſt
1225 2522 1301 2581 der
1312 2511 1650 2585 Unterthanen.

1009 2658 1074 2725 H0
1111 2672 1136 2723 5
1436 2632 1654 2734 Dieß
