1806 2973
964 131 1265 183 Vorredeé.

426 209 744 271 unvermuthete
754 206 1639 276 Erfindungen/
1089 206 1163 285 zum
1192 206 1434 276 Vergnugen
1456 206 1515 285 der
1536 206 1647 285 Leſee,
1650 224 1750 285 daher

423 276 483 327 im
498 271 695 336 Uberfluß
712 271 962 332 zunehmen:
986 270 1080 323 Die
1093 269 1252 325 Goͤtter
1264 274 1453 326 bekamen
1472 277 1552 336 alſd
1574 281 1636 338 bey
1651 284 1748 343 ihnen

416 339 535 400 mehr
545 350 592 400 zu
605 335 801 400 thun,
741 334 799 402 als
813 334 890 397 faſt
903 335 966 385 die
978 335 1213 395 Menſchen
1230 338 1414 400 ſelbſten:
1436 339 1634 402 hierdurch
1648 345 1748 400 konn—

410 410 481 456 ten
497 403 555 465 ſie
574 408 656 454 das
676 400 955 452 wunderbare
976 399 1019 451 in
1048 399 1163 462 ihren
1189 401 1421 463 Gedichten
1443 402 1550 464 nicht
1568 406 1675 458 allein
1698 425 1748 471 ge⸗

406 468 588 532 ſchwind
611 464 840 523 erwecken;
867 464 1046 529 ſondern
1059 467 1163 526 auch
1181 480 1259 528 gar
1278 465 1395 527 leicht
1413 466 1662 527 unterhalten
1678 481 1747 526 und

397 533 510 595 ohne
521 525 667 595 Muͤhe
677 526 922 596 forfuͤhren;
935 529 1161 595 ſintemahl
1174 532 1322 583 immer
1332 531 1417 583 eine
1429 532 1622 593 Gottheit
1628 535 1746 597 gleich⸗

398 598 488 663 ſam
509 598 574 651 die
585 601 717 651 andre
732 599 918 662 gebahr,
939 599 1030 649 und
1041 596 1129 649 eine
1143 595 1386 661 Erfindung
1400 599 1465 649 der
1483 601 1623 649 andern
1642 600 1746 660 daher

387 664 456 726 die
485 660 574 729 Hand
614 665 750 718 bieten
761 663 907 729 muſte.
922 662 1062 718 Allein
1077 662 1206 719 dieſes
1216 660 1380 727 groſſen
1392 662 1587 726 damahls
1598 661 1746 727 vergoͤn⸗

381 737 534 791 neten;
563 746 653 786 nun
666 731 766 787 aber
778 723 1123 795 unanſtaͤndigen
1148 725 1405 794 Vortheils,
1421 727 1508 793 ſind
1527 728 1604 780 wir
1621 728 1673 790 izo
1688 730 1746 793 bey

378 799 572 862 hellerem
581 798 715 864 Lichte
727 802 800 853 der
808 797 1039 863 Religion,
1050 797 1278 855 beraubet;
1303 794 1431 855 daher
1441 795 1521 848 wir
1535 794 1742 859 nunmehro

371 865 517 932 unſere
524 865 726 933 Zuflucht
735 879 782 930 zu
794 870 959 920 andern
973 864 1191 920 erlaubten
1204 863 1393 927 Dingen
1409 862 1583 927 nehmen
1594 854 1742 927 muͤſſen,

366 945 496 987 wenn
516 935 598 988 wir
616 937 702 988 das
720 933 980 1001 ſogenannte
992 931 1276 986 wunderbare
1302 931 1347 984 in
1367 928 1517 995 unſern
1532 927 1741 992 Gedichten

361 1001 603 1066 anbringen
613 1005 703 1055 und
718 1003 807 1055 eine
837 1000 1082 1065 angenehine
1110 994 1380 1066 Abwechslung
1421 1001 1515 1050 dem
1527 994 1630 1060 ſonſt
1640 995 1740 1058 leicht

357 1061 727 1135 ſchlaͤfrigen
636 1060 748 1135 Leſer
752 1069 915 1133 machen
933 1070 1105 1122 wollen.
1141 1066 1307 1133 Dahin
1321 1060 1503 1130 gehoͤren
1525 1077 1609 1116 nun
1629 1070 1737 1118 unter

349 1139 515 1190 andern
527 1136 631 1200 auch
648 1137 713 1190 die
726 1129 939 1197 Traͤume,
950 1134 1256 1201 welche/wo
1195 1129 1263 1201 ſie
1270 1133 1459 1200 ſparſam
1471 1135 1559 1185 und
1568 1129 1736 1196 geſchickt

342 1204 605 1269 angebracht
625 1208 811 1267 werden,
831 1205 945 1263 nicht
967 1202 1284 1268 unangenehm
1299 1214 1346 1265 zu
1361 1201 1465 1266 leſen
1480 1198 1582 1264 ſind,
1594 1206 1674 1271 und
1692 1210 1732 1262 zu

340 1272 563 1336 allerhand
574 1280 706 1337 guten
737 1268 995 1338 moraliſchen
1034 1264 1256 1338 Gedancken
1273 1268 1424 1333 Anlaß
1432 1267 1563 1335 geben
1575 1264 1731 1321 koͤnnen.

397 1340 562 1408 Dieſes
584 1340 631 1406 iſt
655 1340 742 1405 alſo
780 1341 843 1394 die
884 1341 999 1407 wahre
1023 1340 1201 1407 Urſache
1218 1338 1435 1404 geweſen,
1455 1350 1623 1392 warum
1642 1335 1727 1400 dieſe

325 1405 526 1467 Traͤnnme
547 1409 694 1472 allhier
716 1421 811 1473 zum
837 1407 967 1473 Theil
992 1409 1195 1474 erdichtet
1216 1411 1442 1481 worden;
1476 1402 1727 1473 ohnerachtet

319 1491 428 1532 man
449 1477 558 1544 ſonſt
570 1478 685 1541 nicht
703 1479 803 1531 eben
814 1478 896 1535 viel
909 1485 996 1532 von
1011 1479 1121 1532 allen
1135 1474 1368 1537 Traͤumen
1383 1472 1508 1543 haͤlt;
1541 1472 1641 1538 noch
1664 1479 1723 1528 der

313 1541 619 1612 veraͤchtlichen
632 1544 922 1615 Geſellſchafft
932 1550 1005 1601 der
1015 1539 1285 1613 ſchloͤffrigen
1317 1539 1513 1615 Traͤumer
1534 1539 1722 1615 beyzutre⸗

307 1623 381 1671 ten
395 1615 544 1684 ſuchet.
614 1615 758 1673 Wem
772 1617 874 1671 aber
896 1616 1002 1680 auch
1015 1615 1120 1686 dieſe
1134 1610 1339 1676 Traͤume
1356 1623 1499 1673 etwan
1515 1611 1719 1679 mißfallen

274 1686 474 1753 ſollten,
497 1689 612 1741 denn
632 1693 735 1741 was
758 1678 951 1751 mißſaͤllt
970 1685 1074 1751 heut
1090 1699 1138 1751 zu
1161 1685 1291 1753 Tage
1314 1691 1386 1742 der
1405 1678 1721 1753 tadelſuͤchtigen

294 1756 439 1816 Welt
460 1756 610 1821 nicht?
645 1759 720 1811 der
738 1756 818 1811 kan
843 1756 1047 1820 dieſelben
1071 1757 1182 1822 auch
1205 1755 1314 1822 nach
1330 1756 1559 1818 Belieben,
1573 1754 1758 1818 vorbey

288 1825 483 1894 ſchlagen
501 1831 592 1882 und
614 1826 884 1902 unberuhret
899 1826 1057 1895 laſſen:
1092 1830 1208 1884 denn
1221 1828 1274 1896 ſie
1287 1826 1379 1895 ſind
1396 1826 1505 1891 ohne
1520 1830 1612 1882 dem
1638 1824 1717 1881 kein

280 1895 582 1964 Hauptwerck
600 1899 678 1952 des
692 1896 966 1963 Gedichtes;
1003 1897 1189 1966 ſondern
1213 1899 1421 1968 vielmehr
1444 1913 1528 1956 nur
1551 1898 1717 1964 darzwi⸗

271 1966 392 2036 ſchen
422 1966 669 2043 geſchobene
699 1967 1031 2037 Erdichtungen,
1044 1971 1204 2039 welche
1228 1975 1325 2043 dem
1348 1971 1462 2039 Leſer
1487 1971 1574 2028 eine
1595 1984 1714 2038 ange⸗

266 2038 423 2106 nehme
439 2036 783 2120 Abwechſelung
809 2040 1022 2098 erwecken
1042 2040 1201 2111 ſollen,
1235 2044 1383 2101 damit
1402 2048 1488 2101 das
1509 2043 1708 2111 Gedichte

259 2110 381 2182 ſelbſt
398 2110 517 2179 nicht
536 2111 578 2194 ſo
606 2126 759 2194 mager
781 2117 874 2171 und
900 2112 1072 2172 trocken
1099 2114 1475 2182 herauskonmnen
1501 2113 1635 2186 moͤge.

319 2181 477 2266 Auſſer
497 2184 635 2255 dieſen
660 2184 1018 2257 eingeſchalteten
1031 2186 1459 2258 Zwiſchen⸗Fabeln
1478 2191 1590 2256 aber,
1605 2186 1704 2261 habe

246 2254 361 2340 ſonſt
390 2255 507 2340 keine
533 2256 735 2345 fremden
761 2264 854 2318 und
877 2259 1273 2332 weithergeholten
1298 2262 1467 2335 Dinge
1486 2263 1699 2333 erdichtet:

235 2330 518 2402 vielweniger
540 2346 635 2419 eine
652 2333 882 2415 praͤchtige
906 2332 1275 2405 Reut⸗Schule,
1299 2337 1494 2409 koſtbare
1512 2338 1699 2398 Kleider-

228 2404 578 2491 Kammer/oder
589 2405 849 2496 kuͤnſtlichen
861 2407 1314 2479 Mohrentanoder
1327 2410 1695 2483 Planeten⸗Bal⸗

224 2485 300 2550 let,
311 2484 403 2540 und
415 2480 700 2552 dergleichen,
714 2482 932 2555 fuͤrſtellen
950 2484 1133 2571 wollen
1147 2488 1223 2542 als
1242 2486 1433 2558 welches
1455 2485 1691 2559 insgemein

218 2555 448 2630 ſchlechten
463 2555 641 2642 Nutzen
663 2559 962 2643 bringet,
886 2555 958 2643 und
979 2573 1068 2618 nur
1090 2559 1340 2632 laͤcherlich,
1355 2565 1461 2621 oder
1479 2578 1563 2633 gar
1577 2558 1687 2618 eckel—

208 2630 327 2708 hafft
348 2632 513 2699 lautet:
564 2630 774 2709 Vielmehr
796 2630 884 2709 habe
923 2632 985 2705 ich
1005 2632 1200 2708 geſucht,
1216 2638 1306 2696 das
1318 2634 1489 2699 Werck

1620 2722 1682 2774 ał/
