2065 3200
908 181 1251 249 Vorrede.

280 287 413 368 les,
458 293 571 362 kein
608 287 865 397 liſtiger
869 300 1140 390 Ulyßes,
1199 309 1321 380 kein
1360 312 1847 419 heldenmuͤthiger

282 375 556 459 Aeneas,
574 382 699 468 kein
729 386 1109 475 andaͤchtiger
1131 400 1252 463 und
1280 401 1504 485 tapfrer
1530 411 1849 498 Gottfried,

281 459 405 530 kein
440 464 770 553 ſteghaffter
797 471 1114 559 Heinrich,
1156 487 1277 551 und
1304 484 1424 557 kein
1447 492 1509 558 in
1539 493 1850 570 Vollkom⸗

281 551 541 634 menheit
598 557 938 646 erſchaffuer
992 569 1114 634 und
1157 563 1335 667 Welt?
1382 563 1851 667 beherrſchender

280 633 535 718 Adam;
578 642 820 722 ſondern
853 662 967 720 nur
1004 646 1184 723 allein
1213 657 1303 725 ein
1340 673 1537 733 armer
1572 672 1692 735 und
1731 680 1852 738 ver⸗

281 722 593 806 achteter;
666 731 854 818 jedoch
902 737 1155 825 zugleich
1200 748 1508 830 getreuer,
1567 749 1852 831 frommer

278 811 401 875 und
434 811 921 893 wohlverdienter
958 745 1178 913 Köhler
1211 836 1408 905 oder
1450 833 1853 937 Kohlenbren⸗

279 904 422 973 ner,
468 899 847 988 aufgefuͤhret
872 912 1067 982 wird:
1124 917 1223 987 als
1249 918 1489 1001 welcher
1516 934 1719 1009 wegen
1759 924 1853 1005 ſei⸗

279 989 382 1048 ner
403 980 764 1072 ruͤhnilichen
791 1000 908 1065 und
927 996 1427 1091 heldenmaͤßigen
1457 1005 1663 1087 That,
1699 1003 1853 1111 wor⸗

279 1076 362 1130 an
397 1065 551 1138 allen
597 1074 979 1162 Saͤchſiſchen
1022 1085 1266 1160 Landen
1310 1090 1599 1173 damahls
1644 1093 1702 1175 ſo
1743 1096 1852 1166 viel

276 1148 511 1238 gelegen
536 1164 826 1243 geweſen,
866 1168 927 1235 in
957 1172 1161 1251 dieſem
1186 1175 1470 1254 Gedichte
1491 1191 1612 1247 von
1641 1179 1852 1262 rechts⸗

276 1243 528 1320 wegen,
581 1249 675 1312 der
702 1245 869 1328 Held
921 1255 1050 1336 ſeyn
1099 1257 1336 1340 müſte;
1400 1264 1663 1344 woferne
1702 1279 1850 1352 man

278 1324 496 1390 auders
539 1329 630 1395 ein
670 1333 1031 1421 eigentliches
1065 1341 1292 1435 Helden
1376 1349 1661 1434 Gedichte
1691 1347 1849 1432 haͤtte

277 1403 659 1480 ausarbeiten
680 1414 911 1494 wollen.

376 1506 646 1597 Jedoch,
694 1523 770 1586 da
809 1523 961 1603 nicht
996 1527 1083 1594 die
1120 1526 1456 1622 zufaͤlligen
1490 1533 1717 1608 Gaben
1756 1542 1849 1607 der

282 1594 594 1674 Gebuhrt,
638 1605 731 1668 der
757 1603 958 1684 Ehren
985 1616 1104 1678 und
1139 1620 1239 1679 des
1264 1616 1564 1689 Gluͤckes;
1607 1622 1849 1698 ſondern

280 1677 564 1760 vielmehr
599 1686 686 1750 die
721 1688 951 1770 eigenen
990 1693 1313 1774 Tugenden
1358 1707 1459 1769 des
1495 1699 1847 1796 Gemuͤths,

285 1761 448 1827 einen
481 1765 791 1845 Menſchen
823 1771 1212 1864 wahrhafftig
1257 1786 1406 1866 groß
1437 1793 1556 1868 und
1595 1790 1847 1875 vorzuͤg⸗

279 1843 390 1924 lich
419 1847 698 1927 machen;
758 1853 812 1930 ſo
840 1854 1002 1926 waͤre
1040 1857 1158 1939 hier
1204 1867 1342 1946 noch
1389 1864 1716 1956 allerdings
1758 1877 1845 1943 die

280 1922 475 2006 Frage,
560 1927 632 1996 ob
665 1935 831 2011 dieſer
875 1954 1037 2007 arme
1067 1942 1338 2026 Koͤhler,
1381 1957 1506 2036 troz
1530 1955 1706 2031 ſeiner
1736 1972 1847 2026 un⸗

282 2007 673 2110 anſehnliehen
717 2019 1002 2100 Geſtalt,
1057 2031 1305 2112 dennoch
1344 2037 1501 2113 nicht
1544 2042 1649 2105 den
1689 2040 1844 2128 Held

284 2087 574 2185 fuͤrſtellen
606 2094 819 2168 koͤnte?
866 2104 1290 2197 inſonderheit,
1334 2120 1470 2185 weil
1506 2121 1650 2197 ſeine
1677 2125 1845 2193 welt⸗

282 2171 524 2266 kuͤndige
551 2174 718 2271 That
743 2183 860 2277 alſo
890 2181 1202 2272 beſchaffen
1231 2198 1330 2278 iſt
1340 2177 1359 2288 /
1374 2203 1489 2279 daß
1512 2201 1615 2284 ſich
1644 2202 1844 2295 wahr⸗

283 2249 494 2346 hafftig
526 2255 643 2324 kein
679 2258 895 2344 Fuͤrſt,
941 2276 1071 2340 oder
1111 2278 1259 2357 ſonſt
1286 2285 1500 2366 groſſer
1528 2287 1688 2371 Herr
1723 2297 1843 2359 und

284 2333 532 2429 Ritter„
588 2343 865 2435 derſelben
907 2364 979 2434 zu
1017 2356 1278 2437 ſchaͤmen
1337 2368 1588 2451 Urſache
1654 2371 1843 2454 haben

280 2410 498 2505 wuͤrde.

329 2517 637 2627 Indeſſen
662 2530 729 2609 iſt
751 2538 883 2615 doch
906 2543 1082 2621 dieſes
1120 2552 1355 2630 gewiß,
1400 2555 1516 2633 daß
1545 2570 1693 2626 man
1721 2564 1838 2626 aus

282 2603 450 2680 dieſer
473 2604 1180 2712 hoͤchſt⸗merckwuͤrdigen
1206 2634 1530 2715 Geſchichte
1558 2638 1833 2718 Vorrath

281 2694 441 2767 gnug
472 2688 812 2783 hernehmen
847 2702 1091 2781 koͤnnte,
1138 2714 1228 2779 ein
1259 2712 1680 2805 vollſtaͤndiges
1714 2726 1830 2812 und

283 2756 629 2855 erbauliches
650 2778 852 2860 Helden
886 2774 1173 2881 ⸗Gedichte
1207 2810 1278 2877 zu
1306 2801 1682 2886 verfertigen;
1716 2794 1828 2962 ſel⸗

1746 2896 1825 2945 ol⸗
