1913 3011
614 402 1213 559 Vorrede.

162 630 813 747 Vernuͤnfftiger
858 621 1025 730 und
1061 616 1545 734 beſcheidner

322 751 728 884 Deſer!

118 916 313 1125 ꝗ
350 952 467 1045 Ey
502 939 1084 1046 gegenwaͤrtigem
1107 935 1362 1024 langen
1395 912 1696 1031 Gedich⸗

157 1089 239 1121 V
324 1030 446 1122 te,
452 1049 729 1122 welches
756 1043 838 1120 ich
867 1043 953 1105 dir
983 1034 1214 1114 hiermit
1239 1020 1588 1111 vorzulegen
1606 1021 1695 1079 die

395 1125 554 1204 Ehre
582 1123 775 1199 habe;
810 1117 973 1188 waͤre
1001 1126 1162 1194 zwar
1190 1118 1300 1186 gar
1337 1098 1520 1164 vieles
1560 1107 1697 1186 vor⸗

270 1204 286 1224 —
404 1204 616 1282 laͤuffig
645 1216 714 1293 zu
750 1201 1048 1266 erinnern:
1100 1186 1236 1255 aber
1265 1177 1438 1272 eben,
1473 1174 1610 1264 weil
1635 1175 1699 1239 es

126 1287 185 1361 ſo
210 1283 325 1347 viel
348 1284 460 1357 iſt;
497 1275 627 1346 will
652 1279 732 1353 ich
765 1272 961 1345 alles,
1003 1271 1058 1345 ſo
1090 1265 1203 1333 viel
1233 1272 1347 1326 mir
1374 1269 1489 1326 nur
1519 1262 1694 1328 moͤg?

136 1363 242 1436 lich
281 1360 413 1436 ſeyn
459 1362 610 1422 wird,
685 1355 831 1426 deſto
870 1349 1068 1423 kuͤrtzer
1102 1342 1283 1419 faſſen
1376 1333 1509 1403 doch
1541 1329 1698 1419 alſo,

138 1439 255 1511 daß
301 1450 418 1499 von
462 1442 640 1499 denen
688 1424 1148 1505 allernoͤthigſten
1191 1411 1462 1494 Stuͤcken
1507 1409 1698 1483 nichts

144 1511 492 1586 außbleiben
524 1509 640 1583 ſoll.

150 1622 438 1630 Gleich
474 1588 719 1663 Anfangs
749 1581 889 1653 muß
913 1580 994 1653 ich
1025 1582 1201 1654 gegen
1226 1572 1312 1632 die
1338 1561 1700 1636 tadelſůchti⸗

156 1682 268 1748 gen
294 1663 746 1735 Wort⸗Richter
772 1664 887 1720 und
907 1650 1261 1732 Erbpachter
1290 1649 1391 1707 des
1421 1643 1701 1720 ſogenan⸗

150 1753 248 1811 ten
272 1749 450 1822 guten
475 1735 850 1816 Geſchmacks
877 1737 992 1794 und
1021 1729 1328 1806 geſunden
1362 1724 1493 1793 oder
1523 1730 1709 1796 unge⸗

157 1826 368 1899 ſunden
402 1819 645 1892 Wizes,
690 1808 1016 1883 uͤberhaupt
1043 1800 1403 1873 bemercken,
1447 1797 1560 1869 daß
1587 1798 1755 1858 dies

160 1901 247 1976 ſes
273 1903 459 1978 weder
490 1897 579 1957 ein
603 1892 861 1974 Helden
886 1884 1160 1958 Gedichte
1195 1882 1325 1957 ſeyn
1367 1873 1518 1951 ſoll;
1561 1874 1704 1950 noch

153 1979 288 2060 ſeyn
317 1975 443 2042 kan.

241 2053 335 2119 Es
358 2044 457 2125 ſoll
476 2048 660 2117 keines
690 2046 853 2122 ſeyn,
876 2040 1009 2104 weil
1037 2038 1117 2111 ich
1147 2042 1208 2100 es
1244 2036 1336 2098 nie
1362 2038 1547 2097 davor
1563 2034 1712 2098 aus⸗

162 2129 335 2211 geben
378 2132 602 2200 werde
655 2117 960 2208 ſintemahl
1005 2121 1120 2181 mir
1158 2117 1243 2179 die
1286 2109 1539 2190 ſcharfen
1582 2111 1710 2178 Re⸗

162 2208 295 2289 geln
312 2213 426 2298 und
446 2203 797 2279 Grundſaͤtze
816 2204 940 2263 aus
957 2204 1085 2261 dem
1101 2194 1465 2267 Ariſtoteles,
1480 2188 1711 2270 Horaz,

158 2285 464 2367 ingleichen
504 2295 617 2373 von
657 2288 761 2346 den
787 2292 1001 2352 neuen,
1044 2279 1145 2352 des
1178 2272 1420 2354 Boſſu,
1456 2275 1576 2334 und
1606 2280 1715 2343 an⸗

156 2373 340 2439 derer
334 2360 357 2439 /
372 2364 605 2438 ſattſam
632 2360 895 2426 bekannt.

240 2447 337 2513 Es
372 2442 479 2512 kan
509 2442 653 2516 auch
683 2441 867 2512 keines
902 2438 1081 2515 ſeyn,
1122 2432 1258 2500 weil
1294 2427 1582 2506 nehmlich
1621 2427 1712 2494 ein

148 2527 360 2602 rechter
386 2519 726 2599 vornehmer
760 2524 877 2584 und
905 2514 1279 2595 angeſehener
1312 2509 1466 2591 Held
1515 2508 1717 2573 darin⸗

152 2620 265 2677 nen
290 2601 506 2684 fehlet;
548 2598 911 2675 allermaſſen
944 2594 1063 2672 hier
1086 2596 1212 2664 kein
1235 2587 1501 2674 zorniger
1525 2582 1720 2725 Ales,

1595 2666 1721 2738 les/
