2151 3200
958 85 1111 163 Des
1147 81 1713 186 Saͤchſiſchen

482 208 770 285 Daſelbſten
795 209 916 284 ſann
943 226 992 273 er
1011 226 1151 280 nun,
1185 218 1310 274 was
1327 211 1555 291 wichtigs
1583 234 1635 292 zu
1657 224 1928 304 vollenden,

482 304 634 376 Doch
661 295 897 377 unterließ
925 320 973 380 er
1010 301 1178 374 nicht,
1217 301 1465 380 Spionen
1487 309 1882 397 auszuſenden;

483 401 677 464 Damit
700 389 799 486 von
823 403 964 462 allem
991 404 1100 461 dem
1124 400 1225 475 ihm
1250 402 1409 475 nichts
1433 407 1693 482 verborgen
1718 413 1957 488 blieb,

482 494 631 572 Was
656 509 774 556 man
799 508 851 567 zu
873 494 1244 573 Altenburg,
1276 513 1368 565 am
1387 500 1510 573 Hof
1539 506 1626 563 des
1652 500 1886 592 Fuͤrſten,
1920 514 2051 588 trieb.

481 591 664 666 Hierzu
696 595 836 656 ward
872 590 1130 669 ſonderlich
1154 589 1329 672 Sanß
1352 597 1680 674 Schwalb,
1707 604 1784 665 ein
1809 604 1967 677 Koch,
1986 603 2051 679 ge⸗

1123 686 1682 755 nommen,

481 759 600 825 Der
624 761 768 837 durch
783 764 876 824 des
900 762 1098 837 Cunzen
1115 764 1223 840 Liſt,
1234 766 1316 852 ins
1328 758 1530 842 Fuͤrſten
1546 765 1747 842 Dienſt,
1757 769 2053 854 gekommen;

422 925 563 936 Auf
588 857 690 932 daß
729 851 859 935 ihm,
887 868 1000 922 was
1019 854 1244 939 geſchaͤh,
1282 853 1328 924 in
1353 863 1422 945 Eil
1464 863 1692 937 berichtet
1712 857 1848 945 waͤr,

482 953 597 1039 Und
616 956 770 1027 einer,
797 954 1157 1030 Schweiniz,
1184 966 1297 1034 trug
1319 954 1399 1022 die
1420 959 1618 1035 Brieffe
1638 960 1728 1035 hin
1749 964 1849 1035 und
1870 961 1969 1036 her.

590 1084 652 1154 O
669 1090 762 1175 wie
785 1090 839 1163 iſt
861 1091 983 1177 doch
995 1095 1075 1177 der
1087 1092 1304 1173 Menſch
1317 1090 1376 1177 ſo
1387 1088 1616 1187 ſinnreich/
1626 1096 1752 1184 ſich
1773 1112 1826 1174 zu
1843 1097 2047 1193 ſchaden,

484 1187 597 1249 Und
620 1185 721 1253 eine
743 1185 936 1258 ſchwere
959 1185 1062 1264 Laſt
1098 1193 1195 1265 auf
1205 1194 1358 1268 ſeinen
1380 1193 1523 1267 Hals
1562 1209 1616 1267 zu
1635 1194 1812 1282 laden!

481 1276 559 1342 Er
568 1276 694 1368 weiß
726 1280 885 1351 nicht,
913 1291 1026 1345 was
1049 1300 1096 1344 er
1122 1287 1262 1357 will,
1295 1287 1417 1368 haßt
1444 1293 1566 1360 das,
1603 1298 1718 1352 was
1742 1305 1789 1351 er
1817 1287 1967 1361 beſizt,

486 1371 697 1446 Sucht,
733 1371 827 1473 was
861 1379 959 1451 ihm
986 1378 1232 1453 Schaden
1259 1381 1462 1469 bringt,
1499 1389 1603 1474 und
1629 1385 1760 1460 flieht
1781 1388 1908 1454 das,
1945 1390 2046 1442 was

1058 1507 1060 1509 ö
1230 1470 1436 1517 Lhm
1478 1471 1999 1518 nußt

461 1538 624 1612 Cunz
647 1541 779 1615 hatte
803 1545 935 1606 Geld
952 1550 1055 1621 und
1079 1548 1228 1620 Gut,
1258 1548 1366 1626 und
1392 1549 1502 1615 war
1526 1570 1591 1624 an
1604 1554 1782 1627 Ruhm
1803 1552 2044 1626 geſtiegen,

484 1633 597 1694 Und
627 1639 837 1711 dennoch
859 1640 1025 1712 wuchs
1053 1644 1201 1713 dabey
1223 1646 1324 1720 ſein
1345 1649 1559 1722 heimlich
1579 1642 2011 1731 Mißvergnüͤgen/

485 1729 559 1792 Er
592 1730 737 1822 fande
758 1734 883 1826 keine
904 1735 1060 1812 Ruh/
1084 1741 1171 1832 die
1206 1737 1355 1834 Rach⸗
1391 1751 1466 1828 und
1479 1741 1998 1834 Ehren⸗Sucht

483 1825 632 1894 Trieb
659 1827 776 1902 noch
801 1834 891 1898 den
915 1831 1093 1896 kleinen
1135 1825 1241 1928 Reſt
1274 1839 1352 1908 der
1364 1840 1580 1914 Tugend
1599 1845 1651 1906 in
1671 1847 1744 1907 die
1765 1844 1965 1928 Flucht

445 1936 703 2036 Dier
726 1943 916 2013 Satan
933 1940 1188 2035 haͤtte
1103 1936 1207 2040 ſich
1243 1936 1300 2040 an
1298 1957 1549 2040 Meiſſen
1562 1979 1687 2038 gern
1710 1956 1963 2037 gerochen,

481 2035 832 2115 Nachdem
749 2035 841 2136 der
843 2040 1221 2123 Bruder⸗Krieg
1244 2053 1291 2127 ſo
1301 2048 1522 2132 gluͤcklich
1545 2058 1918 2136 unterbrochen,
1941 2056 2013 2111 &

1892 2127 2037 2209 Daß

583 2238 652 2283 wir
677 2236 760 2301 auch
780 2241 885 2304 beyde
899 2248 1083 2301 Nahmen
1138 2257 1332 2312 gebrauchet,
1420 2268 1428 2277 weil
1461 2236 1503 2312 an
1556 2264 1578 2279 die
1721 2262 1794 2280 inen
1930 2265 2035 2310 um⸗

579 2291 695 2339 ſtande
713 2295 814 2345 nicht
838 2298 912 2363 viel
935 2264 1133 2371 gelegen.
1151 2269 1245 2364 Die⸗
1243 2255 1384 2379 acher
1414 2255 1822 2379 Kenereanen
1869 2255 1926 2379 du⸗
1941 2320 2033 2355 Peter

539 2344 748 2402 ben,An
769 2344 1014 2430 angemerckt,
1044 2344 1174 2430 möͤgen
1193 2369 1437 2421 vermuthlich
1464 2373 1569 2417 einen
1595 2370 1766 2427 geringen
1793 2375 1918 2430 Fehler
1941 2369 2033 2414 bege—

575 2391 673 2485 Lan
701 2396 803 2513 auch
833 2400 927 2496 Leine
960 2396 1136 2513 Bogterde
1149 2413 1286 2508 härhte
1310 2405 1466 2515 geriſſe
1495 2424 1719 2478 entſcheiden
1740 2431 1811 2472 und
1835 2422 2029 2513 bglich

801 2469 856 2510 ke
985 2472 1064 2515 egierde
1159 2469 1244 2518 hat,
1264 2469 1370 2518 dieſe
1431 2475 1621 2518 gleichauͤlti
1771 2480 1792 2501 che
1885 2482 1957 2516 gruͤnd

579 2497 851 2551 auszumachen.
905 2502 1090 2560 Gleichwo
1120 2478 1329 2565 Iwilmein
1347 2473 1426 2572 ſel.
1429 2486 1494 2569 —
1543 2479 1621 2573 21
1624 2477 1750 2588 einer
1777 2484 2027 2577 Vorſtellang

578 2544 658 2584 der
677 2551 950 2605 mancherley
965 2560 1084 2610 Gefahr
1134 2569 1155 2617 /
1174 2568 1299 2614 alleutt
1936 2572 1995 2614 ben

689 2593 919 2620 nancherle
1082 2612 1095 2629 51/
1200 2573 1418 2621 alleuthalben
1472 2575 1620 2626 Iſenberg
1687 2576 1932 2626 geſchrieben
1958 2578 2024 2625 haben

573 2587 661 2687 dier
664 2586 734 2690 fieh
767 2604 820 2686 wit
845 2586 1002 2690 eſfelben
1015 2611 1168 2661 Gruͤnde
1183 2620 1264 2670 noch
1281 2626 1343 2670 zur
1357 2572 1473 2682 Zeit⸗
1495 2583 1758 2682 Wbekane,
1761 2634 1802 2675 ob
1830 2630 1887 2683 ihm
1893 2615 2025 2685 gleich

576 2672 660 2732 des
703 2650 942 2735 gelternielleicht
960 2661 1059 2717 nicht
1079 2668 1239 2719 gefehlet
1264 2674 1377 2722 haben
1392 2674 1539 2728 mögen.
1592 2685 1697 2735 Doch
1719 2689 1758 2728 es
1777 2690 1857 2729 mag
1879 2683 1933 2726 iho
1954 2677 2023 2717 beh⸗

616 2711 637 2767 —4
663 2702 699 2753 7.
720 2701 795 2790 lant
823 2705 908 2743 Vid.
962 2709 1233 2766 ENGKEN
1252 2724 1347 2760 Tom.
1374 2729 1437 2779 III.
1463 2720 1586 2787 ſcript.
1618 2738 1744 2773 Germ.
1774 2747 1808 2781 p.
1825 2740 1928 2770 1220.

489 2753 519 2789 8)
570 2751 699 2795 Dieſer
741 2752 1047 2817 landverderbliche
1073 2769 1344 2827 uubruͤderliche
1372 2779 1667 2835 Bruder-Krieg
1692 2786 1796 2835 hatte
1822 2789 1888 2824 von
1918 2779 2021 2823 1445.
