2095 3200
14 1696 77 1713 155

298 364 636 486 Dedennoch
660 389 802 460 wagt
833 400 883 449 er
913 392 996 466 es,
1035 391 1142 451 und
1166 391 1308 451 traut
1330 384 1431 464 auf
1445 381 1623 448 Deine
1647 384 1820 457 Guͤte,

301 480 378 547 Er
402 488 598 553 meynt,
623 479 671 543 er
696 480 817 557 treff
860 469 913 565 in
910 482 1023 549 Dir
1047 487 1140 546 den
1166 469 1421 561 ſanffren
1436 477 1732 553 Friedrich
1760 494 2011 565 an;

302 573 424 639 Der
448 573 550 649 ihm
585 589 677 637 vor
709 574 832 651 ſeine
858 574 1038 662 Treu,
1078 578 1173 639 mit
1196 575 1520 640 danckbarem
1546 566 2077 648 Gemuͤtheß

302 674 420 738 Und
449 669 853 747 Gnadenreicher
878 673 1064 747 Huld,
1102 673 1216 749 Zeit
1251 672 1457 743 lebens,
1495 672 1839 754 zugethan;

257 772 408 775 Ihn
439 778 520 825 aus
570 769 672 829 dem
729 760 852 841 oͤden
877 764 1051 844 Wald
1083 775 1150 827 an
1185 765 1349 840 ſeinen
1383 764 1509 839 Hof
1537 778 1782 840 gezogen,

305 858 422 923 Und
440 851 629 949 uͤberall
654 861 864 939 gezeigt,
903 855 1002 933 daß
1026 875 1075 923 er
1101 860 1204 933 ihm
1229 858 1626 934 wohlgewogen.

310 1098 475 1251 Und
738 1190 828 1266 hat
857 1154 913 1255 er
953 1135 1118 1291 recht:
1141 1152 1300 1253 was
1316 1159 1637 1269 Friedrich
1688 1170 1821 1262 ſonſt
1848 1168 1936 1261 ge⸗

1385 1281 1542 1362 weſen

312 1374 448 1436 Das
470 1373 604 1448 ſtellſt
626 1376 727 1445 Du
750 1378 1018 1441 wiederum
1043 1378 1096 1438 in
1119 1377 1233 1449 Dir
1259 1370 1554 1449 vollſtaͤndig
1582 1382 1704 1448 dar;

312 1465 465 1531 Was
487 1469 607 1530 man
618 1483 728 1540 von
750 1470 866 1619 —
888 1471 947 1542 izt
972 1469 1206 1544 ſchreibt,
1242 1472 1370 1534 wird
1395 1486 1516 1531 man
1543 1485 1645 1532 von
1668 1473 1782 1540 Dir
1808 1469 1927 1551 einſt

1394 1563 1515 1636 leſen
1531 1597 1549 1631 I

317 1656 476 1720 Weil
497 1657 599 1719 Du
621 1667 719 1718 von
746 1670 919 1718 neuem
944 1655 1072 1727 biſt/
1104 1655 1225 1721 was
1256 1670 1304 1720 er
1326 1668 1416 1714 vor
1443 1655 1619 1723 Alters
1643 1670 1787 1725 war;

316 1748 448 1811 Wie
471 1748 573 1810 Du
607 1748 725 1819 nach
754 1743 977 1864 Deinem
1002 1749 1275 1820 Stamm,
1322 1760 1422 1813 von
1452 1748 1630 1818 ſeinem
1665 1750 1814 1822 Blut
1845 1766 1925 1830 ge⸗

1378 1837 1638 1903 kommen;

319 1917 424 1992 So
450 1927 555 2001 haſt
571 1928 673 1993 Du
697 1925 815 2000 auch
847 1938 947 1986 von
967 1880 1081 1996 ihm
1095 1926 1170 1986 die
1194 1917 1406 2040 Dugend
1431 1943 1817 2037 angenommen,

318 2190 636 2329 Ziforderſt
669 2241 723 2313 iſt
738 2240 866 2309 Dir,
888 2239 1056 2313 Herr,
1095 2241 1171 2304 die
1193 2240 1540 2313 Sanfftmuth
1571 2245 1921 2325 angebohren,

318 2341 420 2398 Du
449 2335 535 2405 biſt
558 2334 687 2422 ſelbſt
706 2347 803 2398 von
826 2334 1010 2397 Natur
1030 2345 1109 2402 zur
1129 2331 1514 2403 Freundlichkeit
1535 2341 1809 2406 geneigt,
2067 2299 2081 2411 ö

321 2434 432 2494 Und
461 2430 629 2500 achteſt
659 2428 809 2499 dieſen
828 2426 987 2497 Tag,
1023 2423 1116 2486 wie
1138 2427 1328 2506 Titus,
1366 2420 1447 2497 fuͤr
1473 2429 1859 2499 verlohren,

317 2529 433 2588 Der
456 2527 564 2587 Dir
585 2538 691 2593 zum
713 2523 1008 2593 Wohlthun
1045 2524 1175 2593 nicht
1203 2522 1525 2594 Gelegenheit
1567 2527 1776 2596 gezeigt:

319 2621 462 2680 Wer
484 2617 671 2685 traurig
695 2620 796 2675 und
821 2610 1011 2676 betruͤbt
1039 2630 1128 2676 vor
1149 2616 1261 2676 Dir
1286 2618 1431 2699 zuerſt
1460 2619 1753 2689 erſchienen;

324 2710 459 2781 Geht
481 2711 653 2774 wieder
679 2724 774 2776 von
800 2710 910 2782 Dir
934 2711 1068 2782 fort,
1105 2712 1197 2775 mit
1225 2704 1591 2791 aufgeklaͤhrten
1617 2713 1827 2775 Minen.

1762 2840 1890 2921 Hier
