2231 3154
862 212 1265 274 Vorrede.

192 306 417 385 ſchichte,
431 311 551 371 oder
563 304 818 379 Gedichte
842 307 898 368 in
923 311 1018 369 der
1032 304 1299 383 Boͤhmiſ.
1317 307 1562 384 Hiſtorie
1594 310 1793 370 dulden
1825 307 1958 375 kan;

192 384 334 449 Wie
354 384 418 461 ſie
431 390 574 448 dann
587 381 959 458 meiſtentheils
976 398 1085 445 von
1106 388 1228 445 dem
1248 384 1560 457 beruͤhmten
1597 382 1869 449 Balbinus,
1900 386 1955 447 in

191 459 360 536 ſeinen
387 458 697 536 hiſtoriſchen
717 454 1094 544 Sam̃lungen
1122 474 1232 534 von
1252 454 1548 530 Boͤhmen,
1569 462 1668 521 den
1688 458 1953 533 Boregk,

169 538 293 598 wie
307 538 426 609 auch
436 535 785 610 Hagecius,
745 531 796 610 in
799 535 948 607 ihren
998 531 1337 610 Boͤhmiſchen
1368 531 1702 610 Chronicken,
1712 538 1823 595 und
1841 549 1952 601 ver⸗

189 610 473 686 ſchiedenen
489 611 799 681 andern,
741 606 816 686 als
811 606 1195 686 glaubwuͤrdig
1207 614 1322 673 und
1340 610 1716 686 wahrhafftig,
1732 623 1954 683 angezo⸗

187 702 285 759 gen
305 692 549 754 worden;
570 687 693 752 Der
697 687 810 764 wird
842 688 988 761 dieſe
1002 689 1181 764 unſere
1196 687 1488 763 erfundene
1504 687 1783 762 Zaͤuberey
1799 687 1854 746 in
1880 687 1948 747 ei⸗

128 778 309 844 nem
324 762 578 834 Gedichte,
642 762 694 837 ſo
725 765 824 825 viel
864 766 1069 840 leichter
1094 768 1208 827 und
1229 756 1633 838 gleichguͤltiger
1665 772 1946 832 vertragen

190 834 425 906 koͤnnen;
469 838 597 930 noch
619 839 831 916 dieſelbe
855 841 909 901 in
926 839 1319 915 Betrachtung
1355 843 1443 900 der
1454 838 1808 911 damahligen
1824 838 1947 912 Zeit

193 919 298 976 und
319 918 407 975 der
433 913 710 988 beruͤhrten
728 910 1041 989 Umſtaͤnde,
1065 910 1154 990 fuͤr
1178 931 1312 991 ganz
1340 913 1851 987 unwahrſcheinlich
1883 929 1943 986 zu

196 991 364 1065 halten
402 988 562 1066 Urſach
579 991 768 1065 haben.
810 992 961 1056 Wer
976 991 1073 1066 ſich
1098 992 1225 1055 aber
1249 1007 1348 1053 vor
1362 991 1670 1064 Hexereyen
1698 990 1943 1063 allzuſehr

198 1061 443 1141 fuͤrchten,
457 1072 577 1127 oder
593 1066 702 1127 kein
716 1068 996 1141 Liebhaber
1020 1083 1128 1130 von
1142 1068 1466 1140 dergleichen
1483 1066 1685 1125 bunten
1700 1064 1938 1150 Dingen

201 1143 313 1216 ſeyn
325 1136 478 1216 ſollte;
500 1136 706 1216 derſelbe
709 1142 807 1204 kan
834 1143 954 1216 dieſe
993 1136 1215 1216 Blaͤtter,
1258 1158 1307 1201 wo
1342 1136 1418 1216 die
1408 1141 1685 1215 Zauberey
1700 1140 1936 1215 beſchrie⸗

208 1220 318 1286 ben,
347 1215 451 1293 ohne
462 1218 668 1289 Gefahr
693 1221 803 1278 und
815 1216 1112 1293 Schaden,
1123 1217 1398 1290 ungeleſen
1412 1216 1607 1285 vorbey
1634 1215 1893 1290 ſchlagen.

282 1292 428 1355 Eben
444 1294 599 1364 dieſes
615 1292 671 1363 iſt
683 1292 809 1362 auch
827 1307 932 1352 von
950 1296 1067 1352 dem
1083 1293 1395 1363 erdichteten
1426 1290 1696 1364 ſchwarzen
1723 1290 1932 1355 Reuter,

216 1368 285 1427 im
296 1369 484 1427 dritten
498 1366 683 1438 Buche
694 1367 848 1438 dieſes
860 1367 1232 1437 Gedichtes,
1196 1364 1251 1438 zu
1251 1364 1564 1431 bemercken,
1576 1365 1793 1433 welcher
1808 1370 1928 1422 dem

222 1443 377 1512 Cuntz
414 1456 491 1500 von
509 1439 839 1512 Kauffungen
857 1442 930 1508 im
946 1440 1159 1502 Walde
1175 1439 1430 1511 begegnet
1443 1439 1560 1510 ſeyn
1575 1437 1683 1508 ſoll.
1709 1437 1929 1505 Derſel⸗

230 1516 282 1574 be
303 1511 373 1586 iſt
374 1515 537 1584 nichts
555 1521 762 1582 anders,
775 1515 859 1573 als
874 1514 978 1573 eine
1017 1511 1178 1586 bloſſe
1206 1511 1526 1586 NRachahmung
1582 1515 1676 1569 des
1695 1511 1927 1582 Plutar⸗

235 1591 356 1655 chus
377 1594 480 1645 und
491 1587 803 1653 Aventinus,
817 1587 913 1645 wie
936 1586 1164 1658 daſelbſt,
1181 1587 1236 1644 in
1269 1591 1360 1644 der
1375 1584 1767 1659 Anmerckung,
1792 1585 1927 1642 erin⸗

238 1668 352 1717 nert
363 1660 734 1718 worden.
621 1656 705 1729 Wer
748 1658 837 1728 ſich
852 1659 965 1717 aber
981 1673 1069 1718 vor
1081 1657 1436 1729 Geſpenſtern
1451 1661 1563 1715 und
1580 1656 1925 1729 Erſcheinun⸗

234 1734 336 1802 gen
355 1729 646 1801 allzuhefftig
668 1731 891 1800 entſezet;
923 1732 1016 1790 kan
1034 1732 1160 1802 auch
1192 1731 1320 1802 dieſe
1336 1729 1585 1800 poetiſche
1598 1728 1924 1800 Erfindung,

242 1819 294 1874 zu
319 1804 464 1872 ſeiner
481 1801 796 1873 Sicherheit,
818 1805 912 1862 mit
935 1805 1322 1875 abgewaͤndten
1338 1802 1556 1873 Augen,
1571 1795 1882 1873 uͤbergehen.

294 1875 494 1944 Gleiche
508 1874 869 1942 Bewandtniß
880 1876 968 1945 hat
982 1885 1036 1934 es
1051 1876 1248 1945 endlich
1263 1874 1393 1944 auch
1411 1875 1511 1931 mit
1526 1873 1735 1943 etlichen
1764 1867 1924 1945 Traͤu⸗

246 1964 376 2014 men,
390 1946 561 2016 welche
574 1948 624 2005 in
638 1947 810 2017 dieſem
824 1948 1037 2008 Wercke
1050 1950 1157 2017 hier
1173 1952 1285 2007 und
1299 1951 1398 2005 dar
1412 1939 1765 2020 fuͤrkommen.
1795 1947 1923 2011 Der

249 2020 359 2094 erſte
375 2033 475 2077 von
504 2024 613 2077 dem
630 2019 763 2079 Eber
793 2026 897 2078 und
913 2014 1133 2084 Baͤren,
1151 2023 1228 2078 im
1258 2022 1462 2078 andern
1483 2017 1697 2093 Buche,
1720 2022 1819 2087 den
1844 2019 1926 2077 die

250 2086 912 2163 ChurfuͤrſtinMargaretha
923 2093 1075 2165 ſelbſt
1096 2086 1280 2166 gehabt,/
1294 2086 1368 2166 iſt
1369 2088 1514 2161 nicht
1526 2091 1795 2159 erdichtet;
1813 2090 1927 2166 ſon⸗

249 2167 364 2221 dern
376 2163 599 2234 vielmehr
612 2165 662 2222 in
678 2168 760 2223 der
773 2164 1039 2235 Geſchicht
1058 2165 1201 2235 ſelbſt
1217 2162 1487 2231 wuͤrcklich
1501 2178 1811 2233 gegrundet,
1838 2165 1926 2223 wie

255 2250 318 2291 an
334 2233 586 2320 demſelben
600 2235 737 2295 Orte
765 2239 1059 2311 angezeiget
1090 2253 1299 2293 worden:
1324 2235 1454 2297 Der
1466 2240 1631 2295 andre
1654 2236 1779 2295 aber
1796 2234 1925 2307 nach

250 2309 334 2362 der
347 2304 756 2379 Entfuͤhrung
685 2304 764 2381 der
772 2309 984 2380 Prinze,
1001 2309 1124 2367 eben
1142 2307 1376 2378 daſelbſt,
1400 2307 1459 2378 iſt
1474 2321 1580 2367 von
1597 2308 1773 2381 unſrer
1799 2310 1928 2378 eige⸗

254 2387 343 2434 nen
357 2375 648 2460 Erfindungz
667 2380 819 2451 gleich
836 2383 936 2439 wie
950 2380 1077 2450 auch
1096 2387 1183 2437 der
1200 2380 1395 2441 Dritte
1411 2382 1486 2438 im
1501 2380 1697 2438 vierten
1713 2380 1929 2450 Buche/

252 2453 332 2504 der
349 2452 455 2504 dem
468 2450 648 2521 Koͤhler
671 2452 948 2521 erſchienen
969 2452 1084 2520 ſeyn
1112 2452 1234 2522 ſoll;
1273 2453 1360 2510 als
1382 2452 1599 2522 welcher
1616 2453 1726 2512 eine
1738 2451 1928 2520 Nach—⸗

186 2519 470 2602 ahmung
486 2530 578 2579 aus
597 2528 681 2584 der
701 2522 1066 2595 fuͤrtrefflichen
1080 2524 1361 2593 Henriade
1375 2528 1470 2585 des
1487 2518 1791 2595 beruͤhmten
1808 2524 1929 2594 Hn.

251 2589 492 2652 Voltaire
503 2593 570 2662 iſt
575 2598 673 2653 wie
687 2596 896 2669 daſelbſt
937 2588 990 2669 in
1012 2595 1095 2653 der
1100 2594 1437 2666 Anmerckung
1450 2588 1719 2666 erwaͤhnet
1732 2593 1927 2653 worde.

317 2663 424 2722 Die
443 2665 572 2723 alten
596 2667 950 2736 Griechiſchen
977 2670 1088 2722 und
1125 2665 1462 2741 Lateiniſchen
1490 2667 1715 2735 Dichter
1748 2668 1926 2736 hatten

246 2734 387 2803 durch
403 2731 733 2807 Einfuͤhrung
756 2738 886 2803 ihrer
901 2731 1213 2805 unzaͤhligen
1229 2735 1430 2796 Goͤtter
1444 2742 1556 2805 und
1576 2736 1812 2806 Geiſter,
1832 2743 1929 2791 vor

247 2806 412 2874 dieſem
425 2808 654 2873 bequeme
666 2806 1024 2875 Gelegenheit,
1044 2808 1151 2874 ihre
1170 2807 1428 2875 Gedichte
1441 2807 1570 2876 nach
1586 2806 1925 2869 Belieben,/
1875 2806 1925 2876 zu

248 2877 495 2935 erweitern
521 2880 628 2934 und
644 2875 1021 2943 auszudehnen,
1036 2875 1163 3011 ——
1183 2891 1214 2931 .
1299 2877 1445 3010 11
1470 2873 1671 2958 ſchöne,
1703 2873 1807 2958 neue
1820 2875 1928 2940 und

522 3001 525 3003 ö
1103 2961 1146 3008 6
1753 2950 1932 3002 unver⸗
