1844 3036
295 131 863 218 prinzenraubes
897 136 917 188 /
958 127 1004 178 I.
1053 118 1262 222 Buch
1532 135 1556 185 5

0 279 145 339 Denn
168 271 245 331 als
269 282 314 328 er
339 265 595 324 wiederum
622 252 696 311 die
720 242 887 310 Guͤter
908 238 1093 304 raͤumen
1126 238 1318 339 ſollte,
1336 239 1402 289 ed

39 323 47 333 7

0 369 102 442 Die
129 380 175 425 er
203 362 280 422 als
302 357 473 430 Pfand
495 342 653 419 beſaß,
682 340 798 409 doch
830 352 959 409 gern
977 335 1193 406 behalten
1218 331 1449 393 wollte;

0 457 303 526 Entbrannte
332 441 572 516 dergeſtalt
604 449 690 497 vor
716 433 864 504 Cyfer
885 430 976 499 ſein
1002 418 1253 495 Gemuͤth,

1 550 131 622 Daß
152 565 195 607 er
221 548 267 604 in
290 539 496 610 Raſerey
517 535 617 595 und
642 527 774 601 heiſſe
793 523 966 603 Wuth
991 519 1225 589 gerieth,

12 626 84 710 Er
104 645 226 710 fing
218 603 238 710 /
249 631 472 700 nachdem
498 638 615 684 man
637 606 750 693 ihm
764 618 837 695 die
859 608 1024 691 Guͤter
1047 603 1386 688 abgeſprochen

11 727 267 798 Nunmehr
294 723 565 795 ergrimmet
600 731 665 777 an,
712 728 765 791 zu
786 712 936 791 toben
951 708 1051 782 und
1076 716 1129 772 zu
1151 688 1346 775 pochen.

715 791 817 812 1
1434 779 1565 847 Se,/

17 966 80 1017 (a)
106 961 215 1008 Dieſe
229 954 351 1002 Guͤter
373 951 541 1006 gehörten
564 949 753 1001 eigentlich
772 949 852 991 dem
871 941 983 997 Apel
995 935 1208 985 Vizthum
1231 917 1287 991 zu
1317 917 1521 991 Thanrode
1539 921 1566 966 /

112 1017 228 1056 davon
262 1013 431 1054 Rammer
454 996 600 1056 meiſter
632 1006 645 1049 /
668 1004 720 1048 bey
769 1000 853 1035 EN
866 990 1023 1045 CKEN
1039 989 1136 1042 Tom.
1152 984 1213 1043 III.
1224 980 1342 1036 ſcript.
1360 978 1422 1033 Ker
1447 974 1563 1035 Germ.

109 1077 144 1112 p.
152 1074 258 1118 1339·
271 1059 351 1100 dem
363 1053 606 1115 vornehmſten
617 1050 772 1099 Urheber
782 1048 840 1089 der
850 1035 1090 1100 bruͤderlichen
1103 1019 1356 1096 ſchaͤndlichen
1368 1023 1567 1079 3wierracht

100 1112 282 1159 iwiſchen
294 1104 483 1160 Churfuͤrſt
529 1100 762 1148 Friedrichen
781 1099 845 1138 den
857 1086 1180 1139 Sanfftmuͤthigen,
1186 1079 1278 1132 und
1285 1075 1434 1126 Hertzog
1445 1066 1566 1127 Wil⸗

127 1161 245 1203 heim
259 1160 270 1203 /
291 1157 362 1197 und
376 1153 505 1209 hieſſen
516 1145 907 1198 Schwickershayn
919 1137 1046 1187 /nebſt
1065 1134 1174 1186 denen
1192 1129 1323 1170 andern
1343 1130 1414 1178 zum
1436 1119 1567 1182 Krie⸗

127 1206 337 1260 benſteine
351 1200 570 1250 gehörende,
587 1197 646 1238 als
660 1194 929 1246 Ehrenburg
953 1187 1022 1228 und
1047 1183 1080 1232 ſo
1103 1184 1255 1234 weiter,
1281 1171 1416 1218 welche
1436 1167 1502 1226 alle
1525 1171 1566 1203 in

132 1254 293 1301 Meiſſen
319 1252 439 1298 lagen.
506 1241 751 1300 Ehurfürſt
773 1237 1009 1292 Friederich
1033 1234 1133 1281 hatte
1155 1227 1201 1275 ſie
1224 1227 1306 1267 dem
1332 1220 1451 1276 Cunʒ
1477 1223 1571 1270 von

131 1301 419 1354 RKauffungen
439 1295 506 1350 auf
517 1302 596 1335 eine
625 1285 804 1354 Zeitlang,
832 1295 908 1338 zum
922 1280 1025 1335 Beſiz
1044 1280 1114 1321 und
1135 1272 1323 1327 Gebrauch
1344 1293 1361 1323 „
1383 1268 1568 1323 eingergu⸗

137 1354 250 1403 met,
276 1347 334 1401 biß
355 1342 527 1392 nehmlich
550 1343 609 1382 der
628 1340 740 1382 Krieg
763 1332 896 1392 wuͤrde
906 1331 1089 1385 geendiget
1102 1327 1179 1375 ſeyn
1203 1334 1215 1368 ;
1231 1320 1335 1375 weil
1351 1325 1403 1371 im
1425 1311 1569 1355 Gegen⸗

141 1397 236 1445 theil
251 1397 308 1436 die
331 1392 450 1434 Guͤter
470 1394 530 1431 des
552 1385 808 1432 Cunzen/
764 1378 812 1445 in
818 1382 1056 1434 Thüringen,
1070 1383 1141 1416 von
1163 1373 1223 1412 der
1240 1362 1458 1419 feindlichen
1474 1358 1570 1411 Par⸗

148 1451 230 1492 they
246 1442 413 1488 ebeufalls
435 1440 634 1490 eingezogen
652 1432 721 1471 und
734 1429 817 1471 uͤbel
833 1431 1109 1477 mitgenommen
1121 1421 1259 1460 worden
1273 1420 1409 1466 waren.
1434 1407 1573 1448 Allein,

150 1494 209 1546 als
227 1493 286 1530 der
312 1489 423 1542 Krieg
444 1482 576 1527 endlich
604 1479 801 1526 beygeleget
813 1483 935 1530 war;;
958 1473 1079 1511 wolte
1097 1468 1178 1513 doch
1196 1467 1331 1509 Cunz
1344 1462 1402 1501 die
1426 1454 1573 1511 anſehn⸗

159 1540 271 1584 lichen
280 1533 567 1582 Vizthumiſchen
579 1526 696 1568 Guͤter
711 1533 791 1570 gern
803 1517 1081 1570 eigenthuͤmlich
1090 1514 1276 1569 behalten
1291 1509 1367 1563 und
1380 1506 1476 1557 nicht
1487 1510 1573 1541 wie⸗

159 1587 219 1625 der
240 1584 505 1637 herausgeben,
542 1572 742 1619 unerachtet
766 1580 802 1612 er
827 1551 1000 1620 dießfalls
1017 1565 1111 1606 einen
1135 1558 1412 1607 eigenhaͤndigen
1430 1551 1579 1592 Revers

164 1641 232 1672 von
254 1629 318 1683 ſich
340 1626 554 1673 ausgeſtellet
569 1625 695 1677 hatte,
707 1619 856 1671 welcher.
870 1608 997 1671 annoch
1018 1614 1087 1665 bey
1097 1612 1208 1653 denen
1243 1592 1578 1664 Rauffungiſchen

165 1673 542 1727 Griginal⸗Aeten
523 1656 543 1727 /
568 1678 602 1709 in
616 1669 694 1707 dem
704 1660 1102 1718 Wittenbergiſchen
1114 1652 1322 1697 Archiwve
1297 1644 1319 1706 /
1348 1657 1386 1693 zu
1399 1644 1575 1691 befinden.

172 1725 243 1764 Als
267 1731 303 1763 er
329 1722 409 1769 aber
435 1717 565 1772 endlich
592 1714 691 1759 durch
717 1710 930 1762 eingeholtes
989 1702 1187 1756 rtheil
1135 1697 1203 1760 und
1212 1697 1329 1744 Recht
1350 1697 1451 1738 darzu
1474 1698 1580 1748 auge⸗

168 1772 289 1825 halten
300 1770 419 1811 ward,
445 1767 508 1815 daß
524 1774 557 1805 er
573 1761 678 1809 ſolche
688 1767 757 1805 nur
763 1756 1137 1807 Bedingungs⸗weiſe
1149 1747 1267 1800 bißher
1279 1741 1442 1790 beſeſſene
1454 1733 1576 1795 Guͤter

169 1821 297 1869 ſeinem
324 1813 579 1863 rechtmaͤßigen
605 1801 858 1853 Eigenthuͤmer
882 1801 1007 1840 wieder
1033 1795 1271 1850 aushaͤndigen
1297 1789 1436 1837 ſollte;
1478 1785 1576 1824 ward

173 1876 208 1908 er
227 1862 374 1905 darüber
400 1837 579 1908 dermaſſen
600 1837 807 1908 eutruͤſtet,
824 1848 945 1901 daßt
912 1837 957 1908 er
974 1844 1038 1898 auf
1047 1841 1208 1894 dieſe
1169 1837 1213 1908 ſo
1220 1837 1491 1889 unbeſounene,
1517 1831 1577 1872 als

170 1909 356 1959 unerhoͤrte
374 1909 493 1954 Rache
511 1903 664 1949 verfiel,
674 1902 729 1952 die
740 1889 956 1947 Churfuͤrſtl.
966 1886 1314 1945 Prinzen
1136 1880 1174 1951 zu
1192 1886 1314 1945 rauben,
1348 1888 1394 1935 und
1423 1880 1493 1951 ſich
1501 1880 1578 1926 alſo

175 1970 217 2000 an
230 1961 308 1998 dem
320 1955 546 2004 Churfuͤrſten
557 1957 673 1995 wegen
686 1947 795 2000 ſeines
805 1938 1045 1985 vermeintlich
1066 1937 1252 1977 erlittenen
1263 1929 1470 1975 Schadeus,
1480 1932 1584 1973 nach⸗

176 2004 343 2053 druͤcklich
372 2012 408 2051 zu
435 2001 590 2053 erholen.
645 1993 777 2046 Dieſes
800 1990 840 2037 iſt
863 1988 918 2029 die
942 1987 1057 2033 wahre
1080 1974 1221 2040 Urſache
1238 1979 1355 2036 ſeiner
1383 1974 1585 2022 tollkuͤhnen

178 2052 488 2104 Unternehmung,
514 2046 607 2099 nicht
623 2042 701 2095 aber
719 2041 776 2095 die
794 2045 860 2079 von
880 2038 957 2092 dem
980 2029 1209 2091 Ehurfuͤrſten
1226 2030 1303 2076 ihm
1322 2024 1587 2073 abgeſchlageue

190 2100 383 2142 Ranziou,
416 2097 642 2137 vielweniger
659 2091 771 2132 einige
789 2082 869 2131 noch
893 2080 1120 2128 ruckſtandige
1140 2076 1464 2123 Geldforderungen
1517 2069 1587 2109 wie

184 2145 517 2199 FABRICIVS,
528 2134 796 2189 BOIEMVS
809 2132 931 2170 A.
942 2114 1092 2180 INVS,
1114 2114 1274 2180 Bircken
1295 2125 1307 2168 /
1328 2114 1461 2180 Buͤbner
1482 2120 1505 2166 /
1521 2118 1586 2158 und

186 2192 259 2251 ſehr
272 2191 343 2244 viel
368 2193 475 2233 andere
494 2187 680 2231 Scribeüten
703 2188 787 2226 irrig
796 2175 905 2238 daflir
925 2184 1093 2224 gehalten;
1104 2173 1211 2222 Denn
1217 2172 1283 2224 des
1307 2165 1454 2228 CEunzens
1473 2165 1588 2211 eigen⸗

183 2240 331 2296 yüͤndige
342 2239 557 2286 Quittung
569 2238 582 2289 /
604 2233 664 2273 und
685 2230 743 2286 des
755 2212 1015 2290 Churfuͤrſteus
1038 2212 1223 2290 Mranifeſt
1236 2221 1254 2264 /
1270 2212 1407 2268 welches
1427 2218 1462 2257 er
1478 2212 1587 2262 dieſer

188 2286 311 2330 Sache
321 2293 434 2330 wegen,
484 2292 528 2331 an
544 2286 597 2325 die
608 2275 877 2332 Reichsſtaͤnde,
887 2264 1045 2331 damahls
1061 2268 1212 2322 ergehen
1231 2262 1336 2313 laſſen,
1348 2263 1448 2314 und
1459 2260 1589 2304 welche

187 2334 296 2384 beyde
311 2334 527 2367 Documenta
544 2326 672 2380 aluoch
693 2328 742 2382 ill
751 2323 828 2382 dem
848 2314 1184 2371 Wittenbergiſchen
1196 2310 1368 2360 Archive
1382 2307 1591 2354 befindlich/

188 2378 355 2434 beweiſen
379 2379 440 2437 das
461 2375 671 2423 Gegeutheil
694 2368 858 2418 klaͤhrlich
877 2367 946 2408 und
974 2358 1357 2420 unwiederſprechlich,
1381 2358 1493 2402 daher.
1508 2346 1592 2405 auch

189 2428 285 2474 dieſe
299 2427 503 2471 gegrundete
518 2427 699 2470 Meyllung
716 2420 773 2459 der
791 2418 909 2458 andern
929 2410 1212 2467 ungegründeten
1221 2409 1299 2448 von
1312 2408 1338 2447 d
1347 2400 1594 2448 AGIIIA

195 2476 338 2511 kITO,
376 2466 860 2507 RECHENBERGIO,
893 2451 1458 2497 VULPIOKVNZIO,
1490 2445 1595 2480 M.E.

192 2522 357 2579 CkIO,
396 2507 1046 2571 TENZLELIO„TRILLREO
1064 2504 1186 2550 „und
1181 2497 1297 2558 allen
1318 2497 1445 2548 andern
1469 2497 1594 2532 neuern

186 2570 285 2615 billig
302 2570 503 2615 fuͤgetogen
521 2567 652 2618 worden
670 2575 699 2607 „
716 2561 772 2601 als
794 2556 919 2612 welche
945 2555 1003 2606 die
1026 2561 1090 2592 nur
1106 2554 1326 2603 angeiogene
1346 2544 1512 2590 herrliche
1529 2539 1602 2569 Vo⸗

195 2626 358 2655 cumenta
381 2624 456 2661 zum
477 2613 607 2660 Theil,,
633 2612 729 2660 ihren
754 2605 954 2654 Schrifften
977 2599 1203 2685 3
1222 2594 1429 2650 haben.

1116 2657 1132 2691 ;
1310 2651 1312 2655 ů
