2114 3200
644 256 647 257 ö
971 227 1326 295 Vorrede.

366 319 421 383 de
445 317 764 399 Philoſophie,
779 317 1004 399 verſtehet,
1020 321 1182 391 indem
1203 335 1249 379 er
1260 320 1334 387 die
1349 319 1479 386 alten
1507 317 1729 399 gelehrten
1757 317 1930 399 Schrif⸗

365 401 442 458 ten
468 399 547 465 der
566 395 802 463 Griechen
831 401 931 459 und
956 394 1169 465 Lateiner
1200 392 1407 467 fleißiger
1438 393 1750 474 durchleſen;
1776 399 1853 456 als
1875 401 1933 471 ſie

348 468 583 540 mancher
605 471 725 542 ſonſt
746 468 951 541 geſehen,
967 474 1080 541 oder
1095 484 1189 527 nur
1206 472 1394 528 nennen
1412 467 1578 537 hoͤren.
1618 468 1792 546 Dieſer
1814 486 1987 545 wer⸗

363 540 501 613 theſte
516 543 707 615 Freund
721 545 806 612 hat
826 548 983 613 weder
994 542 1124 617 Zeit,
1137 540 1308 617 Muͤhe
1335 542 1455 614 noch
1470 542 1651 613 Koſten
1678 543 1928 618 geſpahret,

350 617 455 675 mir
466 619 708 689 allerhand
724 618 863 678 kleine
874 623 976 678 und
989 619 1086 693 ſehr
1100 618 1240 690 ſelten
1286 616 1620 699 vorkommende
1650 616 1929 699 Schrifften,

359 690 431 749 die
450 704 544 750 von
569 691 735 765 dieſem
746 692 1111 766 Prinzenraube
1136 693 1346 768 handeln,
1393 685 1535 769 guͤtig
1561 707 1614 763 zu
1637 691 1928 766 verſchaͤffen,

343 764 525 837 welche
537 767 631 830 mir
644 766 727 839 bey
742 775 890 830 denen
904 768 1301 842 Anmerckungen
1313 762 1527 859 nuͤlliche
1558 762 1738 859 Dienſte
1755 771 1926 840 gethan

356 837 527 922 haben.
590 841 718 912 Vor
738 844 883 917 dieſes
913 860 1015 904 neue
1040 844 1228 919 Zeichen
1255 842 1402 916 ſeiner
1423 844 1627 927 guͤtigen
1642 841 2083 919 Zuncigung

354 929 501 986 gegen
519 917 658 989 mich/
674 918 779 991 ſage
802 918 869 991 ich
888 920 989 992 ihm
1008 920 1136 994 nicht
1151 920 1341 979 allein
1358 920 1517 980 hiermit
1541 917 1778 997 oͤffentlich
1795 919 1927 987 noch⸗

354 989 519 1062 mahls
555 993 845 1067 ergebenſten
881 994 1095 1069 Danck,
1125 997 1217 1054 wie
1243 994 1310 1067 ich
1358 995 1478 1066 ſchon
1509 996 1560 1053 in
1592 997 1700 1053 dem
1725 992 2081 1063 Wercke

351 1062 538 1136 felbſten
551 1076 697 1137 unten
713 1087 830 1144 pag.
873 1082 961 1137 128.
973 1065 1247 1142 gebůͤhrend
1260 1069 1591 1143 abgeſtattet;
1629 1067 1832 1139 ſondern
1858 1067 1922 1139 ich

351 1144 508 1208 werde
524 1142 638 1211 auch
649 1143 770 1210 bald
788 1159 858 1203 an
877 1145 1028 1203 einem
1052 1151 1225 1216 andern
1229 1139 1744 1225 Orte,ausfuͤhrlicher
1758 1143 1924 1214 zeigen,

351 1215 443 1273 wie
456 1215 568 1286 hoch
584 1215 651 1285 ich
668 1217 809 1289 dieſes
822 1211 1159 1290 fuͤrtrefflichen
1174 1219 1412 1290 Maͤnnes
1426 1217 1810 1292 Gelehrſamkeit
1822 1217 1923 1286 ach⸗

349 1293 412 1355 te,
426 1293 525 1348 und
543 1291 636 1348 wie
648 1290 900 1362 ſonderbar
928 1292 999 1361 ich
1022 1293 1168 1367 dieſes
1189 1294 1390 1367 wahren
1406 1293 1665 1365 Freundes
1680 1291 1924 1369 Wohlge⸗

345 1362 617 1435 wogenheit
642 1364 757 1435 nach
774 1366 1039 1437 Verdienſt,
1090 1382 1142 1437 zu
1166 1363 1361 1438 ſchaͤtzen
1388 1366 1537 1441 wiſſe.
1862 1378 1867 1380 x

0 1458 84 1517 6
422 1437 571 1507 Noch
580 1436 653 1525 iſt
668 1438 828 1511 allhier
846 1442 934 1497 des
956 1439 1123 1507 Herrn
1146 1439 1427 1515 Verlegers
1451 1440 1707 1513 beſondere
1738 1436 1919 1509 Sorg⸗

0 1515 84 1605 0
348 1509 441 1581 falt
465 1523 515 1586 zu
547 1512 745 1593 ruͤhmen,
811 1513 890 1580 als
917 1513 1113 1586 welcher
1147 1514 1266 1583 nach
1290 1516 1468 1586 ſeinem
1494 1507 1919 1594 laͤngſthekandten

0 1583 84 1663 0
347 1583 585 1657 Vorzuge
602 1600 650 1642 in
664 1585 900 1656 ſauberem
935 1583 1151 1664 Verlage;
1167 1587 1215 1659 ſo
1258 1590 1363 1658 wohl
1385 1603 1436 1662 zu
1444 1587 1778 1662 Anſchaffung
1790 1585 1918 1659 groſ⸗

366 1674 438 1724 en,
451 1657 634 1730 weiſſen
653 1663 752 1729 und
779 1657 901 1728 recht
925 1659 1078 1729 feinen
1093 1661 1335 1733 Papiers,
1358 1667 1461 1720 und
1486 1663 1619 1720 eines
1641 1673 1796 1720 neuen
1815 1668 1916 1733 und

360 1730 565 1807 charffen
583 1731 809 1805 Drucks;
840 1734 917 1790 als
940 1735 1056 1804 auch
1072 1735 1245 1804 zierlich
1267 1736 1684 1807 ausgearbeiteter
1706 1734 1918 1806 Kupfer⸗

34 1801 474 1885 itihe,
527 1806 645 1873 allen
664 1800 927 1879 moͤglichen
943 1806 1076 1878 Fleiß
1100 1813 1202 1867 und
1224 1811 1311 1876 alle
1326 1804 1703 1880 erforderlichen
1732 1807 1914 1886 Koſten

341 1885 456 1967 gern
471 1882 568 1963 und
579 1879 725 1950 willig
761 1879 1041 1967 angewandt,/
1065 1883 1182 1941 damit
1220 1882 1569 1954 ſolchergeſtalt
1601 1879 1745 1967 dieſes
1777 1879 1913 1967 Werck

37 1954 85 2035 4
339 1952 553 2031 praͤchtig
591 1951 670 2035 und
673 1952 946 2024 anſehnlich
972 1955 1039 2013 im
1054 1955 1225 2018 Druck
1251 1956 1511 2027 erſcheinen
1539 1951 1884 2024 moͤchte.

341 2026 545 2087 Nun
579 2025 693 2096 auch
716 2040 811 2086 von
841 2030 923 2086 der
943 2026 1323 2102 Veranlaſſung
1357 2033 1410 2100 zu
1446 2027 1613 2099 dieſem
1642 2026 1912 2097 Gedichte,

342 2105 497 2165 etwas
510 2099 720 2170 weniges
733 2112 785 2179 zu
797 2101 1081 2171 gedencken;
1118 2101 1168 2173 ſo
1185 2103 1238 2174 iſt
1251 2103 1446 2175 dieſelbe
1461 2102 1708 2176 eigentlich
1724 2101 1912 2173 folgen⸗

342 2179 396 2234 de
419 2172 649 2244 geweſen:
669 2171 772 2244 Im
796 2173 1156 2244 abgewichenen
1186 2171 1364 2248 Jahre,
1388 2179 1624 2237 erinnerte
1655 2176 1769 2246 mich
1793 2201 1937 2203 aber⸗

2072 2085 2079 2127 ö

2072 2128 2079 2167 ö

2073 2225 2077 2233 ö

340 2247 473 2325 mahl
495 2246 567 2321 ein
588 2245 729 2316 hoher
747 2242 1059 2323 Goͤnner,
995 2242 1064 2325 die
1076 2243 1190 2307 den
1200 2249 1530 2320 Trilleriſchen
1539 2251 1843 2323 Geſchlechte
1863 2248 1911 2320 ſo

332 2315 591 2395 ruͤhmliche
605 2318 873 2397 Geſchichte
894 2334 989 2380 von
1003 2323 1153 2394 Cuntz
1178 2338 1275 2383 von
1343 2326 1633 2397 Rauffungen,
1647 2333 1698 2385 in
1712 2323 1909 2396 Verſen

335 2396 392 2465 zu
406 2391 702 2464 beſchreiben,
714 2393 909 2464 welcher
933 2397 1054 2467 mich
1070 2399 1283 2458 allbereit
1295 2411 1383 2455 vor
1395 2400 1608 2469 zwanzig
1619 2398 1840 2472 Jahren,
1853 2411 1907 2466 zu

336 2467 472 2537 dieſer
485 2465 651 2525 Arbeit
665 2469 910 2538 ermahnet
924 2470 1165 2541 hatte,
1098 2465 1178 2543 wie
1199 2471 1303 2529 oben
1328 2465 1456 2543 ſchon
1470 2474 1675 2543 gedacht
1688 2475 1904 2533 worden.

401 2539 592 2612 Indem
583 2539 651 2619 ich
652 2539 794 2613 nun
804 2541 889 2610 bey
908 2545 1000 2608 mir
1013 2543 1285 2615 anſtehe/ob
1303 2545 1371 2611 ich
1387 2546 1460 2611 ein
1475 2544 1523 2616 ſo
1534 2541 1905 2619 weitlaͤufftiges

334 2611 513 2675 Werck
532 2612 621 2680 bey
645 2615 991 2684 zunehmenden
1015 2616 1268 2689 Jahren,
1286 2621 1389 2674 und
1411 2616 1781 2691 abnehmenden
1802 2619 1905 2678 Ge⸗

334 2684 531 2755 muͤths⸗
555 2690 654 2753 und
670 2684 1120 2755 Leibes⸗Kraͤfften,
1133 2688 1261 2759 nebſt
1289 2688 1517 2760 Mangel
1541 2697 1625 2752 der
1649 2688 1903 2763 behoͤrigen

33 2758 88 2810 ＋*
332 2758 520 2830 Muſſe,
539 2762 876 2829 unternehmen
899 2763 1036 2834 ſolle?
1074 2757 1350 2832 uͤberſendet
1374 2763 1469 2820 mir
1490 2778 1543 2833 zu
1564 2764 1765 2834 gleicher
1781 2762 1950 2834 Zeit,

332 2833 405 2891 ein
425 2836 618 2909 anderer
657 2833 915 2909 vornehmer
937 2834 1140 2896 Goͤnner
1164 2838 1266 2892 und
1290 2834 1470 2905 groſſer
1482 2837 1683 2904 Freund
1700 2837 1801 2892 eine
1823 2839 2072 2903 ges

329 2905 458 2979 wiſſe
480 2906 794 2977 ausſuͤhrliche
821 2909 1060 2978 gedruckte
1087 2907 1458 2977 Beſchreibung
1487 2921 1586 2963 von
1611 2913 1720 2984 dem
1740 2907 1896 2983 Prin—

1796 2991 1902 3043 zen⸗
