1961 3036
450 171 1054 267 Prinzonraubes/
1092 181 1130 234 I.
1157 179 1376 246 Buch.
1644 191 1701 251 11

149 302 248 366 Du
273 302 395 377 thuſt
415 308 500 365 den
528 297 765 374 Boͤhmen
790 304 906 375 auch
932 303 1175 376 hierdurch
1204 307 1293 362 den
1315 298 1501 375 groͤſten
1525 289 1708 384 Dienſt

153 398 328 461 Wenn
361 404 423 458 du
456 399 553 467 dich
589 396 723 468 dieſer
751 395 887 467 That
925 397 1015 455 mit
1041 397 1443 470 Helden⸗Muth
1467 387 1708 480 erkuͤhnſt,

157 490 314 553 Denn
334 493 426 563 alſo
448 494 629 551 werden
647 489 703 561 ſie
725 490 797 551 die
820 485 1081 563 Schloͤſſer
1104 492 1236 564 leicht
1257 480 1595 558 bekommen,

160 585 266 646 Die
295 600 376 644 vor
408 599 649 657 geraumer
671 583 777 662 Zeit
809 586 882 645 die
901 585 1139 659 Meiſſner
1165 579 1588 658 weggenommen,

163 675 282 738 Wie
304 674 411 747 hoch
421 677 543 736 wird
557 674 640 748 ſich
656 678 868 737 alsdann
884 679 991 737 dein
1002 677 1179 749 Ruhm
1206 684 1305 738 und
1320 668 1478 740 Gluck
1502 676 1681 752 erhoͤhn
1688 675 1709 749 /

165 767 333 839 Drum
346 768 436 840 auf!
496 784 585 829 nur
606 768 735 844 friſch
751 778 969 844 gewagt,
993 779 1044 831 es
1063 771 1185 830 wird
1210 784 1305 832 von
1330 772 1500 842 ſtatten
1522 764 1695 849 gehn.

267 900 389 971 Hier
414 901 638 979 ſchwieg,
659 901 754 982 hier
776 904 893 984 wich
917 909 995 966 der
1015 903 1174 973 Geiſt,
1194 907 1292 977 und
1314 902 1447 981 ſchoß
1466 883 1556 982 mit
1585 906 1716 981 einer

673 981 749 986 *
937 976 1328 1047 Schlangen

171 1063 251 1134 In
276 1066 496 1135 Cunzens
518 1069 678 1156 falſche
698 1068 858 1153 Bruſt
879 1072 970 1146 das
998 1062 1276 1140 ſchaͤndliche
1299 1068 1710 1152 Verlangen,

177 1152 297 1211 Den
316 1155 712 1233 Prinzen⸗Raub
733 1171 783 1225 zu
805 1157 953 1227 thun:
991 1159 1107 1239 Der
1133 1158 1218 1226 ließ
1240 1160 1309 1216 die
1328 1160 1675 1230 Lagerſtadt

181 1248 343 1328 Gleich
382 1251 449 1321 mit
493 1255 564 1319 dem
572 1249 914 1326 Morgenroth
944 1263 1032 1325 vom
1048 1248 1317 1333 Schweiſſe
1337 1250 1433 1317 naß
1445 1257 1543 1309 und
1560 1253 1704 1313 matt

1630 1340 1710 1406 Er

288 1468 333 1516 ſie
358 1468 433 1515 ihre
456 1468 579 1517 bißher
609 1469 758 1517 umſonſt
795 1468 953 1515 begehrte
992 1476 1054 1516 64.
1079 1466 1219 1516 Staͤdte
1252 1472 1327 1512 und
1348 1471 1530 1523 Schloſſer
1558 1474 1702 1523 ſolcher⸗

294 1517 417 1569 geſtalt
434 1517 505 1558 mit
528 1517 684 1570 leichter
712 1517 808 1564 Muͤhe
829 1517 953 1571 wieder
974 1518 1170 1558 bekommen
1194 1516 1338 1559 koͤnten:
1366 1522 1432 1568 wie
1454 1524 1586 1572 ſolches
1609 1521 1701 1564 alles

294 1564 379 1612 nach
405 1566 463 1605 der
490 1564 861 1616 Wahrſcheinlichkeit
893 1566 960 1605 und
985 1563 1244 1612 Moͤglichkeit,
1287 1567 1369 1609 mein
1390 1563 1541 1617 ſeliger
1550 1563 1701 1617 Vater,

296 1615 344 1648 D.
359 1613 498 1659 Jobhann
514 1613 646 1665 Maris
666 1615 808 1646 L.II.
826 1617 939 1650 LER,
965 1611 1203 1660 glaubwürdig
1224 1616 1290 1656 und
1314 1614 1543 1665 umſtändlich
1571 1616 1706 1666 ausge⸗

287 1659 408 1709 fuͤhret
425 1661 488 1708 hat
521 1669 545 1700 in
577 1655 635 1715 der
624 1655 896 1714 Vorſtellung
919 1664 994 1699 der
1013 1660 1328 1710 mancherleyen
1340 1661 1546 1713 Gefahr
1524 1655 1547 1715 /
1570 1670 1705 1715 welehe

294 1711 401 1758 denen
418 1708 545 1759 beyden
571 1704 785 1753 Churfuͤrſtl.
811 1706 982 1758 Prinzen,
1003 1717 1109 1759 1455,
1128 1710 1547 1760 vorgeſtauden„welehe
1562 1724 1599 1759 zu
1620 1717 1709 1757 Al⸗

296 1756 617 1805 tenburg
484 1754 502 1810 /
518 1756 615 1805 1700,
633 1754 787 1801 gedruckt
811 1755 979 1795 worden;
1002 1754 1082 1800 auch
1109 1755 1207 1799 zielet
1220 1757 1359 1802 hierauf
1381 1760 1439 1798 der
1457 1758 1520 1807 ſel.
1532 1761 1627 1810 Herr
1649 1766 1696 1798 D.

292 1802 695 1852 RECHENEEKG
715 1802 748 1842 in
757 1801 878 1849 ſeiner
890 1801 1064 1846 gelehrten
1077 1801 1300 1848 Piſpuration
1321 1806 1363 1838 de
1367 1805 1482 1851 Raptu
1503 1809 1640 1844 Erneſti
1663 1805 1708 1846 &&

294 1849 447 1903 Alberti,
468 1854 546 1888 Duc.
562 1853 688 1890 Saxon,
704 1849 907 1899 imgleichen
920 1850 1185 1903 VVULPIVS,
1198 1853 1233 1884 in
1247 1851 1368 1895 Plagio
1381 1853 1648 1902 Kauffungenſi,
1666 1858 1698 1907 ſo

266 1911 326 1948 zu
339 1899 628 1948 Weiſſenfels
618 1898 636 1957 /
645 1899 752 1945 5oa,
779 1899 1105 1957 herausgekommen
1160 1898 1306 1939 anderer
1320 1906 1355 1943 zu
1378 1900 1632 1951 geſchweigen,
1644 1907 1705 1950 die

291 1949 355 1997 auf
377 1949 458 1998 eben
478 1947 570 1994 dieſe
589 1946 904 1997 vernunfftmaͤßige
931 1943 1243 1996 Muthmaſſungen
1268 1947 1448 1994 gerathen.
1500 1951 1595 1992 Was
1621 1955 1703 1996 aber

289 2000 351 2042 den
371 1998 466 2038 alten
488 1994 725 2045 Böhmiſchen
751 1992 928 2042 Anſpruch
951 2000 996 2050 an
1011 1990 1162 2038 Meiſſen
1189 2001 1304 2037 wegen
1327 1994 1384 2050 der
1405 1996 1489 2037 oben
1511 2001 1704 2047 gedarhten

292 2044 512 2088 entwaͤndten
531 2054 593 2091 64.
610 2040 793 2095 Schloͤſſer
804 2043 873 2082 und
889 2039 1050 2093 Stadte,
1072 2039 1260 2091 aubelangt;
1319 2043 1349 2090 ſo
1364 2044 1401 2090 iſt
1417 2044 1545 2094 ſoleher
1565 2045 1703 2098 endlieh

290 2095 343 2136 im
362 2093 458 2147 Jahr
472 2105 580 2142 1459.
603 2089 707 2137 voͤllig
729 2092 876 2148 gehoben
895 2088 961 2141 und
985 2086 1175 2142 beygeleget
1198 2090 1343 2142 worden,
1369 2091 1426 2132 als
1441 2092 1504 2141 ſieh
1533 2097 1625 2146 unſer
1648 2100 1716 2149 16.

293 2138 443 2195 jaͤhriger
467 2142 634 2191 Herzog
665 2138 865 2180 Albrecht
896 2139 976 2193 mit
988 2135 1048 2188 der
1067 2135 1226 2195 damahls
1242 2139 1341 2179 kaum
1365 2153 1404 2184 9.
1424 2138 1580 2189 jaͤhrigen
1597 2145 1708 2193 Prin⸗

291 2188 383 2235 zeßin
407 2189 541 2224 Ledena
563 2189 640 2229 oder
662 2208 824 2223 Sidonia,
844 2185 903 2223 des
921 2183 1080 2227 Koͤniges
1098 2193 1133 2224 in
1145 2186 1310 2232 Böͤhmen
1337 2189 1471 2235 Georgm
1497 2193 1704 2235 Padigbradis

291 2235 474 2281 Tochter,
498 2231 726 2280 vermaͤhlte,
765 2232 913 2278 welches
930 2232 1126 2285 Beylager
1158 2234 1334 2287 heruaeh,
1384 2244 1492 2284 1464.
1513 2231 1704 2287 wuͤrcklich

297 2283 466 2327 vollzogen
485 2283 723 2324 wordenals
745 2282 903 2334 wodurch
927 2279 999 2330 ihm
1019 2280 1072 2325 die
1092 2280 1209 2334 bißher
1228 2290 1262 2320 in
1275 2281 1450 2330 Anſprueh
1476 2288 1709 2329 genommens

301 2337 364 2376 64.
379 2325 513 2382 Staͤdte
539 2332 605 2371 und
628 2327 811 2378 Schloͤſſer
834 2328 1019 2383 gleichſam
1044 2336 1101 2372 zur
1118 2328 1357 2375 Heimſtener,
1392 2333 1607 2381 mitgegehen
1634 2333 1706 2375 und

300 2379 417 2428 damit
434 2377 518 2423 dieſe
539 2377 731 2423 Forderung
759 2373 921 2424 gaͤutzlich
944 2374 1155 2430 aufgehaben
1180 2378 1316 2416 ward.
1349 2376 1426 2416 Der
1445 2379 1606 2424 damahls
1630 2376 1706 2422 auf⸗

300 2423 489 2469 gerichtete
508 2424 659 2469 Vertrag
684 2428 761 2468 oder
788 2425 993 2472 Riehtung,
1021 2431 1071 2476 im
1087 2422 1191 2469 Jahr
1206 2429 1310 2469 1459.
1341 2424 1499 2470 zwiſchen
1529 2425 1710 2504 WIENS

301 2467 469 2520 Böhmen
495 2472 560 2510 und
581 2472 654 2516 dem
679 2473 794 2521 Hauſe
814 2472 997 2519 Sachſen,
1026 2470 1065 2514 iſt
1089 2471 1178 2516 gantz
1206 2480 1242 2515 zu
1269 2470 1358 2515 leſen
1383 2470 1419 2509 in
1453 2463 1709 2509 MüLLERS

297 2518 734 2567 Reichstags⸗Hheatyy,
745 2526 849 2561 unter
865 2519 1046 2555 Friderico
1056 2518 1102 2549 V.
1115 2516 1158 2555 in
1179 2518 1241 2564 der
1258 2519 1302 2551 I.
1316 2516 1555 2567 Vorſtellung,
1577 2518 1658 2557 Cap.
1669 2524 1711 2560 9.

301 2565 335 2612 p.
356 2575 435 2611 57
450 2563 525 2609 ſqq.
552 2562 664 2610 Siehe
681 2570 797 2613 Seiegen.
811 2575 878 2612 von
899 2564 1151 2601 BIRCKEN
1174 2562 1360 2607 Schſiſ.
1374 2557 1711 2611 elden⸗Ssal
1689 2557 1711 2613 /

301 2615 394 2654 Part.
408 2612 452 2645 II.
478 2621 553 2658 pag.
567 2622 623 2656 72.
649 2614 748 2653 Canf.
770 2618 805 2657 8g
827 2609 1051 2659 BOIEMI
1078 2610 1161 2648 Vita
1184 2609 1319 2642 Alberti
1338 2610 1402 2640 &c.
1434 2611 1517 2656 item
1540 2606 1709 2656 Hartung.

304 2661 332 2693 K
385 2658 842 2696 AMMERMEISTERI
867 2655 1019 2693 Annales
1033 2655 1164 2693 Erfurt.
1181 2668 1221 2699 apud
1250 2649 1588 2703 MENCKEN.
1602 2647 1707 2694 Tom:

303 2702 366 2751 III.
394 2703 548 2751 ſcriptor.
575 2705 704 2754 Rerum
725 2708 888 2746 German.
907 2704 991 2748 pag.
1008 2709 1212 2742 1228-.
