1691 2774
566 58 725 124 Des
744 58 1008 151 Saͤchſi
1041 58 1208 151 ſchen

65 169 195 277 Der
229 185 299 247 du
301 189 447 308 auch
477 190 583 304 hier
608 194 827 271 gezeigt
865 198 961 276 wie
981 205 1121 293 deine
1143 198 1332 293 ſcharffe
1361 213 1523 304 Rache

65 281 188 348 Und
213 285 356 364 weiſe
377 286 633 366 Vorſicht
662 295 786 372 noch
816 290 898 374 für
926 299 1049 378 hohe
1070 301 1301 387 Haͤupter
1326 322 1659 396 wache;

68 382 218 461 Dich
248 387 360 465 ruff
371 387 443 465 ich
464 390 611 465 izund
639 409 751 467 an;
791 392 989 475 komm/
1010 401 1104 481 ſteh
1127 409 1220 472 mir
1247 406 1478 495 hulffreich
1497 420 1598 498 bey,

68 474 211 564 Daß
234 485 317 588 ich
331 501 387 562 zu
401 489 588 566 dieſem
609 494 799 562 Werck
828 494 1049 575 geſchickt
1062 502 1173 571 und
1197 519 1385 576 munter
1409 516 1508 590 ſey,

68 584 191 649 Und
218 588 271 653 in
298 584 382 657 der
392 584 719 675 Dichtkunſt
750 611 881 674 zwar
909 600 984 664 die
1003 600 1225 679 Freyheit
1244 596 1395 683 gelten
1425 580 1554 694 laſſe

67 685 235 767 Doch
265 694 402 771 alſo,
441 694 541 771 daß
567 697 629 774 ſie
649 698 738 775 ſich
759 700 812 764 in
836 700 937 777 ihre
953 688 1276 778 Schrancken
1299 705 1433 783 faſſe:

71 787 279 856 Damit
302 796 386 865 die
399 795 558 872 Fabel
583 799 716 874 nicht
736 804 819 864 der
874 787 1111 880 Wahrheit
1135 787 1406 880 widerſteh,

75 889 360 981 Vielmehr
393 897 470 974 ihr
494 894 862 973 Schattenbild
899 901 1131 983 derſelben
1159 901 1284 975 Licht
1305 898 1460 976 erhöͤh.

76 990 196 1056 Die
221 993 407 1079 Groͤſſe
431 998 576 1073 dieſer
593 998 773 1073 That,
801 1001 902 1062 wie
926 987 1085 1063 deiner
1132 1001 1249 1075 Treu
1275 1005 1360 1071 und
1381 1000 1565 1077 Liebe,

80 1087 353 1172 Erfordert
386 1087 536 1172 etwas
572 1098 727 1172 mehr,
758 1099 844 1158 als
871 1099 944 1158 die
965 1099 1212 1171 gemeinen
1238 1097 1557 1167 Triebe,

80 1191 198 1255 Die
210 1191 340 1265 ſonſt
351 1193 427 1260 ein
438 1191 659 1264 Dichter
670 1179 822 1265 füͤhlt:
837 1193 1016 1257 Drum
1025 1194 1127 1267 gieb
1141 1196 1233 1255 mir
1245 1193 1380 1266 Geiſt
1392 1183 1486 1252 und
1497 1190 1642 1261 Kraſt,

83 1289 222 1372 Daß
243 1278 406 1382 dieſes
440 1289 549 1381 mein
574 1289 786 1377 Gedicht
820 1293 915 1376 dem
943 1278 1077 1383 deſer
1077 1290 1255 1361 Nuzen
1281 1287 1451 1361 ſchafft.

688 1440 768 1469 *
864 1421 910 1469 *„
944 1421 1064 1468 „

838 1473 916 1502 „V

86 1519 249 1662 Ver
280 1578 592 1654 Churfuͤrſt
616 1571 975 1660 Friederich,
1001 1573 1081 1637 der
1106 1574 1332 1647 Gůtige
1355 1569 1589 1659 geheiſſen,

88 1663 1446 1754 Beherrſchte
455 1663 703 1754 dazumahl
735 1663 827 1754 das
851 1663 1190 1754 Segenreiche
1588 1737 1593 1741 Meiſſen,

90 1750 189 1833 Ein
223 1746 353 1849 Herr
363 1776 488 1841 der
509 1769 654 1839 dieſes
678 1782 813 1833 war,
850 1773 961 1848 was
983 1780 1029 1821 er
1047 1765 1114 1820 im
1139 1756 1453 1828 Sprichwort
1475 1747 1598 1819 hieß,

89 1873 206 1933 Und
230 1853 390 1936 ſeines
408 1853 686 1933 Nahmens
705 1858 872 1930 Krafft
894 1846 1019 1928 ſelbſt
1041 1857 1089 1913 in
1117 1847 1195 1913 der
1214 1850 1345 1921 That
1370 1842 1558 1937 erwieß

94 1967 271 2028 Dem,
292 1946 460 2030 ſeinen
504 1942 870 2038 Bruder⸗Krieg
896 1963 988 2030 nur
1014 1949 1155 2016 einzig
1178 1954 1563 2016 ausgenommen,

93 2056 247 2127 Sehr
267 2036 428 2118 wenig
445 2036 648 2129 Fuͤrſten
677 2036 812 2129 ſonſt
813 2059 876 2102 an
903 2043 1107 2112 Tugend
1127 2041 1267 2109 gleich
1287 2039 1561 2108 gekommen⸗

93 2131 214 2210 Der
234 2146 366 2216 jeden
390 2139 506 2207 Tag
533 2127 753 2206 beklagt,
785 2127 854 2193 an
880 2134 1095 2202 welchem
1126 2131 1240 2200 ſeine
1264 2130 1415 2201 Hand

93 2238 209 2298 Ein.
241 2227 378 2303 gutes
409 2215 561 2303 Werck
584 2242 649 2295 zu
662 2228 812 2299 thun,
840 2225 965 2293 nicht
988 2223 1130 2293 Zeit,
1169 2219 1281 2287 noch
1314 2217 1483 2276 Mittel
1500 2215 1617 2284 fand.

93 2318 934 2392 NurCunʒ
411 2308 511 2392 von
549 2318 795 2392 Rauffung
825 2308 917 2392 war
947 2319 1023 2370 der
1062 2312 1252 2377 Meynung
1296 2324 1406 2379 ganz
1420 2308 1615 2375 zuwider

92 2425 206 2483 Und
228 2404 493 2486 ſchlug
413 2394 497 2486 des
523 2407 718 2480 Fuͤrſten
742 2397 881 2478 Huld
907 2394 1005 2459 und
1027 2396 1188 2469 ſanffte
1209 2395 1341 2458 Guͤte
1360 2400 1530 2456 nieder

94 2491 212 2573 Der
231 2511 350 2567 allen
372 2498 559 2571 Guͤtige
581 2495 687 2560 war
711 2493 809 2571 ihm
833 2489 922 2556 nur
948 2495 1019 2552 ein
1040 2491 1267 2558 Tyrann/

95 2602 315 2668 Dieweil
344 2585 390 2658 er
422 2609 566 2666 gegen
589 2593 670 2662 ihn
694 2595 759 2651 im
783 2587 960 2653 Rechte
982 2582 1133 2651 nichts
1155 2586 1364 2648 gewann.
1458 2646 1601 2703 Dan

1432 2656 1538 2698 De
