1742 2869
268 155 866 236 Prinzenraubes/
909 158 935 206 I.
956 154 1161 227 Buch,
1430 168 1482 217 7.

27 278 165 343 Doch
184 277 322 355 dieſtt
348 258 530 348 Trozige
550 264 691 342 ſchlug
706 265 822 339 alles
850 263 896 345 in
919 266 999 340 den
1022 263 1203 340 Wind,
1477 250 1479 252 ö

28 365 172 422 Blieb
210 361 318 439 ohne
349 356 630 438 Beſſerung,
666 344 890 424 beſtaͤndig
927 348 1029 421 hart
1063 346 1258 419 geſinnt,

30 451 136 525 Und
159 446 405 521 unterſtund
425 437 501 504 ſich
522 447 602 506 gar
627 432 711 510 mit
729 422 929 509 Draͤuen
950 428 1276 504 loßzubrechen/

38 535 165 599 Sich
187 547 242 587 an
261 536 355 597 dem
374 518 613 588 Churfürſt
636 515 757 595 ſelbſt
773 517 871 592 und
897 513 1034 580 deſſen
1054 512 1206 581 Blut,
1226 524 1273 574 zu
1291 497 1470 589 raͤchen

36 620 136 674 Und
157 597 417 686 endlich
335 586 405 686 zog
427 622 469 662 er
490 606 611 676 fort,
646 590 740 657 voll
752 590 955 664 Inmuth
976 602 1068 651 und
1090 585 1514 658 Verdrußß

38 700 225 763 Verließ
247 703 327 750 den
350 693 462 756 Hof
473 692 519 745 in
543 688 643 752 Eil,
674 687 763 762 ohn
786 686 924 741 einem
966 678 1471 757 Abſchieds⸗Gruß/

37 790 133 845 Und
154 786 258 849 ging
277 777 383 842 nach
404 764 626 854 Böhmen
646 763 733 846 zu/
755 785 830 849 wo
855 784 897 839 er
916 768 1006 830 viel
1031 752 1477 843 Mißvergnuͤgte

37 877 134 933 Die
152 867 346 933 Meiſſen
372 861 649 940 ungeneigt,
683 857 771 923 auf
782 856 889 929 ſeine
913 853 1063 928 Seite
1083 839 1262 916 kriegte,
1322 843 1419 921 (O

41 962 152 1023 Hier
164 952 302 1020 kaufft
321 965 363 1026 er
380 949 458 1015 ſich
479 948 546 1022 ein
558 930 856 1017 Schloß/das
866 926 1135 1011 Iſenburg
1158 921 1381 1009 benannt,

41 1050 141 1103 Und
160 1034 325 1109 ſezt'
287 1022 341 1109 es
341 1032 449 1097 nach
471 1037 564 1087 und
585 1029 691 1094 nach
714 1030 760 1084 in
777 1026 905 1080 einen
925 1023 1054 1091 feſten
1079 1021 1280 1081 Stand/
1421 1055 1551 1087 *

1368 1085 1479 1161 ODa⸗

133 1234 209 1270 dem
232 1222 449 1270 Churfürſten
472 1217 593 1263 darauf
613 1214 766 1261 ertheilte
788 1213 828 1268 ſo
844 1206 1087 1263 großmuͤthige,
1114 1208 1165 1246 Als
1192 1203 1395 1253 ſeherthaffte
1409 1204 1481 1249 und

140 1273 299 1319 beiſſende
308 1272 466 1314 Aurwort
482 1267 609 1308 werden
624 1262 683 1306 faſt
696 1258 912 1304 durchgängis
930 1264 996 1313 von
1014 1256 1095 1293 allen
1110 1254 1321 1309 Seribenten
1334 1252 1366 1296 ſo
1376 1249 1478 1294 wohe

144 1323 236 1359 alten
260 1318 313 1355 als
339 1317 465 1358 neuen,
489 1312 617 1356 bejahet
639 1306 703 1345 und
728 1306 782 1343 als
795 1302 1020 1346 glauͤbwuͤrdig
1044 1299 1244 1343 beſtaͤttiget.
1291 1297 1372 1335 Nur
1385 1298 1478 1328 Peter

146 1365 299 1399 I.NZ.
323 1361 392 1399 will
403 1360 438 1398 in
455 1357 556 1403 ſeiner
568 1349 781 1401 angefuͤhrten
800 1350 824 1381 I.
833 1347 997 1397 Dilputat.
1018 1357 1047 1400 p.
1063 1356 1106 1379 20.
1121 1344 1247 1395 dieſem
1260 1340 1479 1384 allgemeinen

151 1409 331 1457 Vorgeben
355 1404 445 1448 nicht
461 1401 634 1453 glauben.
658 1394 808 1440 wiewohl
832 1401 870 1433 er
886 1392 975 1442 keine
990 1389 1208 1441 gruͤndlichen
1229 1385 1388 1435 Urſachen
1412 1385 1484 1427 die⸗

154 1457 205 1501 ſes
227 1454 332 1496 ſeines
349 1448 536 1495 unzeitigen
546 1441 703 1489 Zweifels
722 1435 915 1482 anzufuͤhren
937 1441 1045 1479 weiß,
1069 1427 1206 1478 welches
1227 1431 1303 1477 doch
1316 1432 1373 1474 bey
1389 1431 1479 1468 eiler

157 1478 336 1546 Geſchicht
363 1478 562 1546 nothwendig
582 1484 748 1540 geſchehen
768 1482 870 1527 muß,
901 1487 997 1529 waun
1019 1487 1085 1530 man
1109 1479 1214 1524 deren
1239 1475 1420 1527 Wahrheit
1445 1475 1498 1519 in

156 1541 299 1590 Zweifel
312 1540 418 1583 ziehen
430 1536 522 1574 will.
858 1529 951 1579 iüt
1090 1526 1300 1569 .

66 1610 128 1657 (d)
155 1607 229 1645 Der
239 1600 458 1653 Churfurſt
470 1591 688 1646 griederich
706 1590 892 1640 beſchweret
910 1586 968 1632 ſich
978 1583 1060 1624 uͤber
1071 1583 1155 1629 dieſe
1170 1579 1403 1633 unanſtaͤndige
1417 1579 1500 1619 und

158 1646 357 1694 unhoͤffliche
370 1647 566 1690 Betragung
585 1641 641 1677 des
661 1637 815 1687 Cunzen,
839 1641 873 1677 in
885 1634 958 1671 dem
975 1629 1126 1674 damahls
1145 1632 1240 1665 unter
1254 1630 1373 1672 ſeinem
1384 1629 1491 1671 Nah⸗

157 1703 232 1735 men
250 1689 552 1737 herausgegebenen
565 1681 727 1736 Manifeſt/
768 1672 862 1737 ſelbſt
883 1676 1037 1724 folgender
1051 1673 1208 1726 maſſen:
1221 1673 1293 1712 So
1309 1683 1364 1709 nu
1373 1672 1490 1721 Cun⸗

163 1752 205 1786 ze
229 1740 386 1776 indeme
412 1733 485 1780 ſich
511 1734 706 1784 geſaͤttiget
727 1724 836 1774 hatte
855 1725 868 1764 /
882 1721 1002 1773 fuͤgte
1024 1729 1067 1758 er
1090 1717 1165 1761 ſich
1189 1725 1288 1758 vom
1312 1716 1487 1764 geſgʒten

165 1785 278 1829 Tage
303 1783 317 1823 /
351 1780 438 1818 Uns
462 1771 750 1822 ungegruͤſſet
738 1767 761 1829 /
780 1777 819 1805 in
842 1765 938 1810 ſeine
964 1763 1169 1809 Zerberge
1190 1762 1203 1804 /
1221 1764 1317 1802 und
1341 1760 1509 1806 fůͤrden

163 1830 259 1868 nach
284 1824 405 1870 ſeiner
429 1815 707 1866 Nothdurfft
699 1809 723 1870 /
730 1812 785 1855 uß
808 1809 926 1853 Unſer
951 1809 1102 1862 Stadt.
1458 1835 1506 1843 —

95 1896 131 1943 e)
157 1891 229 1931 Die
239 1885 395 1931 Boͤhmen
406 1891 514 1923 waren
526 1881 559 1919 in
571 1866 715 1930 Meiſſen
733 1872 940 1922 eingefallen,
955 1870 1018 1907 und
1032 1876 1093 1907 von
1112 1868 1183 1920 dem
1194 1864 1409 1913 Thurfuͤrſten
1420 1866 1496 1905 mit

164 1934 300 1981 groffem
325 1929 461 1973 Verluſt
479 1928 544 1966 und
568 1925 716 1975 blutigen
738 1916 877 1970 Koͤpffen
898 1917 1015 1955 wieder
1039 1913 1236 1966 abgewieſen
1259 1914 1414 1955 worden,
1434 1914 1496 1957 da⸗

164 1985 221 2025 her
240 1985 308 2015 war
320 1977 389 2015 eine
406 1958 501 2025 groſſe
530 1970 752 2010 Verbitterung
773 1961 920 2018 zwiſchen
938 1961 1055 2004 beyden
1067 1959 1242 2014 Theilen;
1266 1958 1344 2003 auch
1358 1959 1495 1998 wollten

165 2027 207 2071 ſie
231 2031 294 2062 von
319 2023 375 2061 den
382 2018 593 2068 Meiſſenern
618 2011 694 2057 noch
718 2018 777 2061 64.
800 2003 933 2068 Staͤdte
949 2007 1008 2045 und
1020 2004 1345 2064 Schloͤſſer
1237 2003 1364 2068 wieder
1369 2003 1530 2055 hexaus

168 2071 302 2118 haben,
333 2066 449 2111 welche
474 2062 628 2104 unbillige
651 2057 716 2108 und
750 2052 988 2103 ngegründete
1010 2050 1235 2096 Anforderung
1248 2049 1496 2099 inſonderheit

162 2114 300 2161 Ronig
326 2112 446 2158 Ladis
464 2094 545 2161 laus
567 2108 606 2145 in
626 2101 851 2156 Böhmen
826 2094 846 2161 /
859 2106 970 2151 gegen
991 2097 1050 2150 den
1071 2094 1309 2143 Churfürſten,
1326 2096 1396 2142 ſehr
1414 2094 1496 2161 heff⸗

166 2162 218 2205 tig
238 2158 381 2198 triebe/
396 2153 578 2208 daruͤber
551 2139 588 2208 es
589 2150 708 2195 wieder
720 2155 790 2191 zum
803 2145 925 2197 Kriege
942 2143 1013 2191 kam
1025 2137 1496 2194 worinnen
1241 2137 1318 2199 aber
1340 2137 1395 2199 die
1417 2137 1496 2199 Böß⸗

166 2214 243 2246 men
270 2203 455 2245 abermahls
470 2197 710 2243 einbüſſeten„
742 2194 846 2246 davon
870 2191 971 2236 unten
1002 2191 1066 2237 mit
1079 2182 1268 2233 mehrerin.
1285 2182 1424 2231 Siehe
1448 2186 1500 2224 in⸗

163 2252 267 2299 deſſen
282 2250 349 2290 Sie.
362 2254 424 2285 von
442 2247 532 2285 EIK
544 2243 686 2278 CKEN
706 2237 832 2283 Sächſ.
845 2235 947 2282 Held.
963 2234 1073 2274 Saal.
1091 2234 1141 2274 im
1153 2234 1255 2273 Leben
1265 2235 1357 2267 Prid.
1371 2233 1500 2266 Elacid.

164 2294 364 2343 imgleichen
388 2293 435 2324 M.
451 2292 535 2323 Petri
576 2289 593 2323 K
605 2287 770 2321 VNII
798 2282 1063 2329 Ditlert.
948 2273 976 2333 I.
997 2273 1069 2333 pag.
1077 2291 1133 2326 §0.
1155 2283 1189 2317 &
1214 2282 1251 2313 B.
1272 2273 1421 2323 parentis
1437 2277 1495 2319 Jo.

163 2348 276 2381 Maur.
302 2337 563 2377 TRILLERI
599 2333 680 2381 Diſſ.
703 2334 745 2375 de
771 2328 986 2375 Gratitudine
1008 2329 1205 2373 Magnatum
1230 2325 1313 2363 reali
1325 2326 1398 2357 &c.
1414 2318 1498 2366 pag.

163 2404 218 2429 20.
236 2390 309 2435 ſqꝗ·
607 2382 611 2391 ö
802 2376 832 2385 *
953 2380 957 2384 ö

70 2456 143 2504 (f)
172 2450 296 2496 Dieſes
309 2443 371 2498 auf
388 2445 447 2483 den
460 2432 677 2528 Kacrdlchen
690 2431 841 2489 Granzen
859 2440 921 2472 von
934 2432 1032 2477 Kunz
1049 2439 1112 2470 von
1122 2428 1338 2474 Kauffungen
1349 2422 1518 2473 erkauſſte

160 2503 225 2539 und
253 2506 287 2541 zu
315 2495 438 2541 ſeinem
465 2487 680 2540 ſchuͤndlichen
707 2480 889 2534 Vorhaben
915 2479 982 2520 ſehr
1007 2481 1160 2525 bequeme
1184 2475 1255 2526 und
1273 2473 1366 2518 feſte
1391 2478 1544 2481 Schloß

163 2545 372 2593 glendurg
394 2541 407 2583 /
446 2535 528 2572 wird
545 2533 628 2578 auch
646 2534 717 2579 hier
742 2529 806 2569 und
822 2526 881 2568 dar
903 2525 1104 2574 Iſenberg
1137 2519 1380 2567 geſchrieben,
1408 2514 1507 2557 daher
