2111 3200
394 187 559 304 Dir
574 242 696 302 wird
720 248 771 301 es
781 237 1048 313 ſonderlich
1079 243 1171 301 mit
1188 240 1372 312 Rechte
1400 237 1764 312 zugeſchrieben,

391 332 608 398 Dieweil
642 338 721 395 der
753 333 1226 407 Prinzen⸗Raub
1264 333 1316 393 in
1348 331 1678 405 Altenburg
1703 330 1933 402 geſchehn;

370 424 512 493 Und
538 430 672 540 dann
709 426 871 501 Dein
873 425 1255 501 Altenburg,
1302 424 1421 493 nach
1457 422 1813 498 ſchmerzlichem
1833 423 1936 488 Be⸗

1337 508 1540 587 truͤben/

380 605 501 671 Mit
533 566 751 681 Freuden
826 571 1090 679 wiederum
1125 609 1199 671 die
1235 608 1452 683 Prinzen
1477 609 1576 682 frey
1607 586 1801 686 geſehn:

383 704 516 772 Auch
545 705 646 779 ſollt
675 708 741 782 ich
774 705 1009 786 danckbar
1042 706 1190 781 ſeyn,
1227 705 1339 769 weil
1372 706 1440 778 ich
1466 709 1516 777 in
1537 707 1725 779 gruͤnen
1747 705 1951 781 Jahren

381 801 505 871 Den
528 803 672 877 erſten
702 804 973 878 Unterricht
996 803 1047 867 in
1068 803 1210 879 dieſer
1231 801 1441 891 Stadt,
1471 801 1710 877 erfahren.

363 1072 535 1227 Die
551 1126 966 1206 Kupfer⸗Tafeln
981 1132 1146 1205 ſelbſt,
1184 1133 1259 1194 die
1273 1133 1435 1204 meine
1454 1132 1637 1197 Reime
1658 1131 1835 1203 zieren,

370 1227 529 1294 Sind
559 1228 656 1289 mir
683 1240 782 1289 von
799 1230 1020 1295 Deinem
1053 1228 1178 1299 Hof
1188 1229 1447 1302 gezeichnet
1466 1229 1769 1302 zugeſchickt;

367 1322 546 1389 Drum
543 1315 661 1395 will
692 1315 779 1395 Dir
808 1320 856 1395 ſo
882 1320 1108 1393 vielmehr
1134 1323 1260 1383 mein
1286 1321 1471 1395 Danck
1495 1315 1642 1394 dafuͤr
1665 1320 1939 1395 gebühren
1913 1315 1938 1395 /

366 1407 527 1535 Weil
544 1423 623 1479 es
646 1418 790 1485 Dein
818 1416 892 1484 W
1097 1415 1194 1489 iſt,
1229 1423 1342 1477 was
1378 1415 1532 1476 meine
1567 1411 1941 1488 Dicht⸗Kunſt

1315 1507 1589 1582 ſchmuͤckt:

358 1613 528 1678 Denn
551 1587 665 1670 was
690 1604 822 1677 mein
839 1576 971 1667 Kiel
980 1618 1033 1675 zu
1064 1610 1194 1673 matt
1214 1608 1320 1665 und
1345 1606 1539 1674 dunckel
1572 1573 1898 1695 abgeriſſen/
1845 1642 1864 1679 ‚
1874 1571 1916 1637 .

354 1694 483 1785 Wird
531 1706 697 1772 Deine
736 1694 1036 1785 Schilderey
1071 1705 1228 1764 daran
1263 1704 1448 1782 erſetzen
1479 1703 1682 1782 muͤſſen.

1129 1887 1155 1907 2

336 1983 482 2107 Du
531 1928 546 1940 v
550 1979 690 2113 wirſt
733 1978 1318 2123 Durchlauchtigſter
1415 2034 1471 2095 in
1507 2010 1705 2112 dieſem.
1748 2037 1935 2157 Buche

1295 2130 1525 2215 ſchauen,

332 2237 460 2300 Wie
495 2187 734 2301 GodT
762 2233 836 2295 die
863 2231 1019 2304 Laſter
1045 2231 1247 2310 ſtrafft,
1271 2231 1372 2295 die
1390 2233 1666 2309 Tugenden
1699 2179 1932 2310 belohnt;

327 2332 456 2395 Wie
479 2347 528 2394 er
560 2321 891 2404 Bedraͤngten
916 2326 1091 2404 hilfft,
1139 2342 1285 2391 wenn
1319 2328 1379 2404 ſie
1402 2329 1502 2403 auf
1530 2330 1614 2403 ihn
1638 2338 1928 2399 vertrauen,

324 2421 451 2491 Wie
473 2442 521 2488 er
542 2430 630 2489 den
651 2426 821 2501 Frevel
853 2426 1077 2501 hemmt,
1111 2428 1214 2487 und
1235 2426 1395 2488 reiner
1425 2421 1655 2502 Unſchuld
1695 2426 1888 2502 ſchont:

322 2522 468 2585 Weil
493 2523 592 2604 Du
615 2537 718 2586 nun
743 2524 862 2585 alles
886 2520 1034 2595 dieß,
1074 2521 1195 2594 nach
1231 2521 1383 2598 deſſen
1413 2521 1655 2598 Beyſpiel,
1706 2515 1864 2593 uͤbeſt,

264 2613 420 2684 So
445 2615 554 2696 hoff
570 2611 670 2697 ich,
708 2620 805 2696 daß
825 2622 927 2691 Du
952 2622 1072 2698 auch
1095 2619 1204 2695 dieß
1233 2624 1364 2689 mein
1391 2624 1632 2703 Gedichte
1656 2620 1835 2697 liebeſt.
