2063 3200
230 250 365 389 Wj
373 306 414 369 ie
438 301 560 371 man
584 304 660 367 die
681 300 879 366 Cedern
905 293 1050 372 ſchon
1079 308 1157 359 an
1182 292 1320 371 ihren
1339 298 1562 375 Keymen
1587 304 1778 383 kennet,

230 401 347 466 Die
379 399 555 468 Loͤven
594 417 661 466 an
703 402 815 461 dem
861 391 1035 469 Muth,
1105 392 1181 462 die
1219 392 1373 458 Adler
1412 412 1497 461 am
1536 398 1761 476 Geſicht;

228 502 346 569 Und
368 506 462 567 wie
488 508 584 568 das
612 494 986 575 Morgenroth/
1003 507 1153 556 wenn
1177 501 1231 555 es
1258 495 1332 559 die
1345 495 1610 573 Schatten
1632 507 1844 580 trennet,

221 597 331 663 Als
343 603 576 678 Herold,
589 600 706 663 bald
729 603 813 662 der
825 593 981 662 Welt
994 597 1087 655 den
1103 588 1546 670 Sonnen⸗Glanz
1566 599 1843 678 verſpricht:

229 696 337 764 So
361 701 480 776 zeigt
508 717 556 765 er
577 699 698 775 auch
724 696 906 786 bereits
932 689 1054 767 noch
1084 690 1135 754 in
1172 693 1255 761 der
1279 690 1480 766 zartſten
1497 692 1740 783 Jugend,

226 795 356 885 Den
388 799 680 874 angeerbten
717 796 871 867 Trieb
911 800 996 863 der
1016 788 1353 868 unbefleckten
1391 788 1622 868 Tugend.

958 977 1093 1048 /

230 1073 416 1213 Dieß
441 1129 497 1205 iſt
517 1128 1286 1221 Durchlauchtigſter,
1190 1124 1313 1221 mein
1306 1129 1539 1207 Wunſch
1559 1140 1661 1194 aus
1682 1137 1836 1195 treuer

1213 1229 1449 1298 Seelen,

232 1322 309 1386 Er
327 1324 500 1406 treffe!
539 1329 677 1391 nein!
719 1336 770 1391 er
793 1328 920 1404 trifft
940 1328 1062 1402 nach
1086 1329 1271 1392 meiner
1301 1325 1579 1402 Hoffnung
1606 1325 1714 1399 ein:

159 1420 325 1494 Iſt
354 1424 507 1484 meine
531 1424 828 1502 Dichtkunſt
854 1428 983 1503 nicht
1006 1432 1098 1493 den
1128 1426 1284 1501 beſten
1314 1426 1651 1501 beyzuzehlen;

231 1522 339 1587 So
359 1522 441 1593 ſoll
466 1523 626 1595 jedoch
649 1526 776 1586 mein
800 1525 928 1599 Herz
951 1526 1082 1599 nicht
1105 1540 1203 1589 von
1232 1531 1323 1587 den
1351 1525 1668 1599 ſchlimmſten
1690 1523 1846 1598 ſeyn:

234 1616 378 1687 Dieß
401 1616 615 1690 uͤbergeb
632 1618 699 1691 ich
719 1620 835 1700 Dir
858 1629 964 1690 aus
987 1621 1213 1695 Mangel
1235 1625 1414 1682 andrer
1443 1622 1664 1689 Gaben;

236 1698 375 1786 Will
402 1710 538 1794 doch
578 1715 659 1777 der
686 1710 917 1799 Hoͤchſte
963 1703 1096 1790 ſelbſt
1144 1730 1244 1782 von
1294 1719 1420 1780 uns
1450 1718 1614 1792 nichts
1652 1718 1876 1795 beſſers

1177 1809 1353 1899 haben.

2027 549 2035 622 —
2028 290 2038 493 —
2028 290 2038 389 ———
2037 114 2040 204 —..—
