2046 3200
352 187 1978 269 Vorrede.
360 274 1924 378 reimte teutſche Uberſezung dieſes ſonſt Feuerreichen aber da⸗
354 357 1915 531 ee eeiei fhli.wteuntdn o
359 504 1927 599 daſſelbe vou mir uͤberhaupt in vier Bucher abgetheilet wor⸗
349 581 1920 680 den; wie es nehmlich die Natur der ergangenen Geſchichte
355 655 1926 758 eigentlich mit ſich gebracht hat. Zwar hatte ich wohl das
341 732 1916 826 dritte Buch noch in zwey oder drey Bucher eintheilen und in
353 806 1985 899 denſelben furſtellen koͤnnen was nach der Gefangennehmung
353 882 1926 976 des Cuntzen, furgegangen; Allein wegen der allzugenauen
328 954 1918 1044 Verknupffung der Sachen, habe es, ſonderlich aus Mangel
353 1028 2046 1129 der Zeit, vor dieſesmahl unterlaſſen: Es koͤnnte aber ſolches
352 1105 2045 1193 wohl kuͤnfftig bey einer andern Auflage geſchehen; wofern
273 1178 1924 1265 man etwan erfahren ſollte, daß ſolche Kleinigkeit dem allzu⸗
337 1248 1925 1344 ſcharffſichtigen Leſer anſtoͤßig geſchienen haͤtte, welches man
316 1325 1926 1426 doch nicht verhoffen will.
408 1396 1912 1488 Dem Texte ſelbſt ſind vollſtaͤndige hiſtoriſche Anmerckun⸗
353 1468 1912 1561 gen zur noͤthigen Erlaͤuterung, untergeleget worden, worin⸗
286 1545 1911 1636 nen die meiſten Geſchichtſchreiber, die von dieſen Prinzen⸗
307 1617 2009 1708 raube gehandelt haben, egen einander gehalten, deren ver⸗
339 1687 1941 1796 ſchiedene Meynungen, o viel moͤglich, verglichen, und die
160 1737 1921 1872 wahrſcheinlichſten daraus ausgeſuchet und bekrafftiget
5 42 39 797 .— 2
29 11 60 293 — — 2
22 525 46 842 r 22222
15 790 31 890 ac
14 835 44 1329 S
19 953 51 1347 .
-4 1053 28 2051 E 2 2ma
25 1339 52 1923 e2 · re
169 1380 197 1966 —
352 1839 1922 1909 werden.
274 1911 1928 2004 Am Ende des Wercks ſind zwey nunmehr ſelten gewor⸗
285 1983 1920 2083 dene kleine Schrifften von dem bekannten Vulpius, und
162 2058 1908 2152 dem beruhmten Tenzeln, angehaͤnget worden, worinnen die
194 2130 1914 2227 begierigen Leſer die gantze Geſchicht in ihrem voͤlligenZuſam⸗
225 2203 1919 2306 menhange, ohne poetiſche Erfindungen und untergemengte
236 2271 1905 2374 Fabeln, auf einmal einſehen und mit leichter Muhe faſſen koͤn⸗
234 2341 1902 2446 Eer . b nun gleich in beyden Stickeninerleh eeethh⸗
280 2414 1901 2518 mer ſurkommen; ſo habe doch lieber alles unveraͤndert laſſen;
0 2486 1927 2591 als etwas darinnen eigenmaͤchtig ausſtreichen oder verſtuͤm⸗
68 2556 1909 2667 meln wollen. Auch hat man eine Ode auf die Heldenthat
356 2627 1895 2732 ees wohlverdienten Koͤhlers, beygefuͤget, damit man den
305 2700 1894 2850 iXendeiteüiriiircctſciei
563 2789 1865 2856 as mehr erhabnen Schreibart einer de.deſto beſſe
346 2787 1893 2931 erkennen moͤchien Schreibart einer Ode, deſto beſer
456 2920 1884 3020 We⸗
