1806 2973
437 122 1496 204 Vorrede.
410 200 1754 290 unvermuthete Erfindungen, zum Vergnugen der Leer, daher
418 263 1753 348 im Uberflu zunehmen: Die Gotter bekamen alo bey ihnen
412 326 1755 408 mehr zu thun,als fat die Menchen elbten: hierdurch konn
406 392 1752 476 ten ie das wunderbare in ihren Gedichten nicht allein ge
402 459 1751 536 chwind erwecken; ondern auch gar leicht unterhalten und
393 521 1751 602 ohne Muhe forfuhren; intemahl immer eine Gottheit gleich
393 591 1751 720 am die andre gebahr, und eine Erfindung der andern daher
383 655 1751 735 die Hand bieten mute. Allein diees groen damahls verg n
377 719 1751 805 neten; nun aber unantandigen Vortheils, ind wir izo bey
374 790 1746 878 hellerem Lichte der Religion, beraubet; daher wir nunmehro
367 855 1787 941 unere Zuflucht zu andern erlaubten Dingen nehmen muen,
51 923 1745 1008 wenn wir das ogenannte wunderbare in unern Gedichten
42 987 1744 1086 anbringen und eine angenehmelbwechslung dem ont leicht
16 1026 1741 1168 chlafrigen Leer machen wollen. Dahin gehoren nun unter
3 1121 1740 1212 andern auch die Traume, welche, wo ie param und gechickt
20 1194 1736 1284 angebracht werden, nicht unangenehm zu leen ind, und zu
13 1262 1736 1360 allerhand guten moralichenGedancken Anla geben konnen.
0 1330 1754 1424 Diees it alo die wahre Urache geween, warum diee
0 1398 1732 1493 Traume allhier zum Theil erdichtet worden; ohnerachtet
0 1467 1754 1582 man ont nicht eben viel von allen Traumen halt; noch der
0 1535 1752 1624 verachtlichen Geellchafft der chlaffrigen Traumer beyzutre
0 1604 1761 1695 ten uchet. Wem aber auch diee Traume etwan mifallen
0 1665 1755 1765 ollten, denn was miallt heut zu Tage der tadeluchtigen
13 1747 1763 1830 Welt nicht? der kan dieelben auch nach Belieben, vorbey
245 1818 1721 1909 chlagen und unberuhret laen: denn ie ind ohne dem kein
275 1889 1784 1982 Hauptwerck des Gedichtes; ondern vielmehr nur darzwi
266 1958 1750 2050 chen gechobene Erdichtungen, welche dem Leer eine ange
261 2032 1749 2129 nehme Abwechelung erwecken ollen, damit das Gedichte
255 2103 1700 2199 elbt nicht o mager und trocken herausk mmen moge.
305 2177 1743 2271 Auer dieen eingechalteten ZwichenFabeln aber, habe
209 2250 1704 2350 ont keine fremden und weithergeholten Dinge erdichtet;
224 2325 1740 2424 vielweniger eine prachtige ReutSchule, kotbare Kleider
223 2399 1699 2501 Kammer, oder kuntlichen Mohrentanz, oder PlanetenBal
220 2475 1736 2575 let, und dergleichen, furtellen wollen als welches insgemein
0 2547 1717 2716 eeiXereeteidieitiieXieeeit
63 2723 383 2772 )
0 2704 1686 2942 en
