1943 3200
404 212 1293 314 Vorrede.
273 312 1899 493 in dieſer geringen Arbeit eine geziemende Ge⸗
267 404 1899 514 muths /Ergezl chkeit, und Abwechslung des be⸗
277 490 1893 609 ſchwerlichen Krancken⸗ Beſuchs, bey wenigen
271 584 1900 695 mußigen Stunden geſuchet und auch angetrof⸗
277 669 1899 785 fen habe; ſo daß ich hernach zu meiner gewoͤhn⸗
236 760 1898 862 lichen Beruffs⸗Arbeit deſto munterer und freu⸗
278 847 1483 953 diger zuruͤck gehen koͤnnen.
273 943 1897 1058 Jch habe es demnach vornehmlich der oͤttli⸗
280 1033 1895 1142 chen Vorſehung zum ſchuldigſten Dan e und
281 1116 1897 1236 Preiße, hiernaͤchſt dem geneigten Leſer zur erbau⸗
263 1202 1894 1318 lichen Ergezung, und dann dem wohlverdien⸗
280 1289 1889 1402 ten Trilleriſchen Geſchlechte zum ruhmlichen
236 1369 1885 1483 Andencken aufſezen wollen; und bin herzlich
285 1461 1884 1580 zufrieden, wenn ſich nach mir, einer aus un⸗
278 1541 1885 1666 ſerm Geſchlechte, an dieſes noch unvollkomme⸗
279 1625 1880 1736 ne Werck von neuem machen, daſſelbe verbeſ⸗
282 1710 1889 1832 ſrn und ausarbeiten / oeer gez ud gr um⸗
166 1794 1936 1910 ſchmelzen und in eine andre geſchicktere Forme,
280 1875 1753 1990 mit mehrerm Glucke, gieſſen wollte.
361 1996 1876 2110 Jndeſſen uibergebe es dir hiermit als ein hiſto⸗
279 2085 1860 2189 riſches Gedichte, dergleichen vor dieſem unter den
282 2166 1867 2272 Griechen Quintus von Smyrna, Coluthus von
228 2251 1866 2355 Theben Tryphiodorus und Nonnus aus Egy⸗
292 2331 1862 2438 pten und Muſaus aus Athen, oder Alexandrien,
280 2412 1857 2508 nebſt andern; unter den Lateinern aber Lucanus,
277 2492 1855 2594 ilius Jtalicus, Papinius Statius / auch zum
280 2580 1850 2672 Theil Claudianus, der vielen neuern izo nicht zu
296 2655 1847 2764 gedencken, die bereits anderswo von mir ange⸗
295 2722 1846 2844 fuhret worden, ruhmlich geſchrieben haben: Jn
291 2817 1842 2972 welcher Claſſe es vielleicht den unterſten Plaʒ er
1715 2895 1845 2983 hal⸗
