1944 3200
639 212 1325 338 V or re de.
0 330 1683 499 bar / nd durch heilſ me Sitten ehren, lehrrei ve Spruͤche
45 411 1497 506 und chickliche Gleichniſſe, angenehm zu machen.
437 481 849 514 ,,
118 463 1627 570 öiii iiii oit derri ⸗
49 551 1620 650 nus wegen ſeiner fuͤrtrefflichenGedancken,ſinnreichenSpruͤ⸗
0 623 1631 715 che und erbaulichen Sitten⸗Lehren, die er allerwegen hauffig
0 695 1677 785 und ungezwuingen einflieſſen laͤſt, allezeit weit beſſer und nuͤtz⸗
46 768 1632 868 licher geſchienen, dann der ſonſt groſſe Virgilius: als welcher
0 842 1618 930 zwar uberhaupt viel vernuͤnfftiger, ſittſamer und behutſamer
43 913 1634 1008 ſchreibet, als jener, und in rechter Einrichtung eines Helden⸗
0 985 1637 1075 Gedichtes den Lucanus und alle anderen lateiniſchen Poeten,
0 1056 1635 1143 weit uͤbertrifft; hingegen aber auch an dergleichen guten und
0 1129 1638 1219 n zbaren Spruͤchen viel aͤrmer und trockner iſt, als der Luca⸗
0 1202 1634 1287 s, welches, ob es gleich vielen fremde und verwegen ſchei⸗
48 1272 1637 1358 nen moͤchte; doch nichts deſtoweniger die lautre Wahrheit
0 1336 1713 1438 bleibet, wie ſchon von dem unſterblichenGrotius, dem Lipſius,
0 1418 1634 1501 Palmerius, Mareſius, Barthius, Heinſius,/ Patinus, Turne⸗
53 1483 1637 1582 bus, Brioſuns / Montagne / und vielen ndern groſen Maͤn⸗
54 1552 1619 1644 nern / nachdruͤcklich erwieſen worden; als wodurch die nichti⸗
0 1616 1705 1720 gen und ungegrundeten Einwuͤrffe mit leichter Muͤhe nieder⸗
49 1701 1644 1793 geſchlagen werden koͤnnen / welche Herr Peter Burmann , in
50 1766 1678 1856 der Vorrede ſeiner ſehr magren Ausgabe dieſes unvergleichli⸗
50 1834 1637 1929 chen Poetens/ zwar ſehr weitlaͤufftig; doch mehr ſophiſtiſch,
0 1905 1740 2000 als vernunftmaͤßig, dargegen erhoben, wie ſolches einem un⸗
0 1981 1641 2075 partheyiſchen Leſer alſobald in die Augen leuchten wird. Da
52 2051 1691 2138 nun die wuͤrckliche moraliſche Nuzbarkeit eines Werckes der
0 2124 1629 2214 kuͤnſtlichen Einrichtung oder zierlichen Schreibart deſſelben,
0 2196 1759 2299 unſtreitig weit fuͤrzuziehen iſt; ſo kan ich daher, wie gedacht,
10 2270 1680 2366 nicht hergen, daß in ſolchem Fall, der Lucanus, zwar nicht als
5 2345 1694 2432 ein epiſcher Dichter; aber doch als ein politiſcher und mora⸗
45 2410 1776 2526 liſcher Poet/ vor dem ſonſt unſchaͤzbaren Virgil, bey mir ei⸗
8 2490 1662 2605 nen groſſen Vorzug habe. Weßwegen dann der ſel. Herr
46 2560 1640 2706 Cantzler von Seckendorff ein ſehr nuͤliches Werck geſtifftet,
46 2633 1637 2722 daß er die herrlichſten und erbaulichſ en Sitten⸗Lehren aus
51 2704 1680 2794 dieſem Spruchreichen Poeten herausgezogen, und mit heil⸗
54 2779 1638 2871 ſamen moraliſchen Betrachtungen erlaͤutert hat; als welche
51 2852 1695 2944 allerdings leſenswuͤrdiger ſind; dan die beygefugte unge⸗
43 2929 1650 3017 ))2 remte
1889 1495 1944 2689 . iiei i   s. X
1910 2731 1934 2803 W.
1914 2809 1944 2935 4t
