2263 3200
958 193 1349 284 Vorrede.
327 286 1997 412 bekannten Prager⸗ Schloß Wiſcherad; ferner von
327 372 1998 506 ihrerManngehaͤßigenMagd Vlaſta: auch von der
328 453 2000 597 gottloſen Herzogin Drahomira, die endlich leben⸗
326 544 2002 681 dig von der Erden ſoll verſchlungen worden ſeyn;
308 632 2045 761 dann auch von des Horymirz / oder Horimivus,
328 719 2008 846 redenden Zauber / Hengſte, Schemick enannt,
328 796 2009 929 welcher mit dieſem ſeinem Herrn nmcht a ein uber
312 889 2007 1052 die hohen Schloß/Mauren; ſondern auch ſo ar
332 971 2002 1092 uͤber die Moldau geſetzt haben ſoll: vornehm ich
316 1063 2005 1177 aber von dem Ertz Hexenmeiſter Zyto, der zu
324 1151 2005 1269 Koͤnigs Wenzels des unarti en, Zeiten/ einen an⸗
319 1227 2002 1350 dern armſeligern Zauberer iß auf die Schuhe,
321 1322 2001 1435 verſchlungen, und dann eckelhafft wiederum von
325 1398 1998 1524 ſich ge eben zu haben, meiſtermaͤßig geruͤhmet
294 1483 1996 1602 wird; Jzo nicht der Zeit verkuͤrzenden Hiſtoͤrchen
320 1570 2001 1696 zu gedencken, die von der Neuhaͤuſiſchen, oder
288 1657 1995 1779 auch Roſenbergiſchen Weiſſen Frau Perchta,und
217 1734 1991 1850 hrem jahrlich verordneten allgemeinen ſuͤſſen
289 1826 1990 1938 Brey, von der Bernſteiniſchen Jungfrau, den
283 1906 1988 2021 feurigen Bohmiſchen Reutern, dem nach dem
310 1989 1987 2097 Todte herum reutenden General; dem auf einem
280 2069 1984 2189 dreybeinichten Pferde ſchnelltrabenden Moͤnch,
319 2154 1981 2258 dem rachgierigen Juncker Ludwig; den vielen
318 2235 1991 2335 grauſamen Geſpenſtern in dem Michaͤels⸗/ Kloſter:
109 2310 1979 2434 allwo dieſe Kloſter⸗Geiſter alsEißgraue Maͤnner/
197 2474 1972 2584 ſonſt Manner ohne Kopf erſcheinen, und doch
252 2545 2045 2667 ſeufzen ſollen: und vielen andern dergleichen trau⸗
323 2630 1960 2734 rigluſtigen Begebenheiten, in Boͤhmeu allent⸗
320 2703 2248 2824 halben herumgetragen worden.
867 2868 2261 2975 ſchichte
