2017 3200
341 1498 1398 1614 wuͤrdiget, ehe es noch gedruckt worden, nicht
0 926 36 1957 Ss ** 2
0 680 50 1948 t.. * L - i2 * .
342 1870 1450 1968 darneben wegen ihres hohen Star
378 1908 1907 2027 ziliki ti r s Tüd enn uſict, ndanne e
0 1946 37 2046 d
289 2514 1898 2619 unis derſelbe dieſe faſt unvermeidlichen Fehler guͤtig verzeihen r,,
365 201 1792 335 Vorrede.
368 280 1902 418 iit dieſen Creaturen, ungeachtet, bißher ſo edelmuͤthig und
351 369 1905 490 ſiegreich geſtritten haben; werden nun auch vermuthlich all
369 441 1904 565 hier gute Gelegenheit finden, ihre ſchweren und ungeſchli,
373 513 1904 627 nen Waffen mit einem ſonſt in dem Scheuren gewoͤhnli en
370 588 1906 715 Nachdrucke, herzhafftig zu gebrauchen. Sie ſollen aber kurz⸗
370 661 1906 775 lich wiſſen, daß wir uns nicht dargegen einlaſſen werden in⸗
318 731 1908 840 dem wir troz ihren abgeſchmackten Spoͤttereyen, lieber bey
371 803 1912 926 unſerer ſogenannten critiſchen Großmuth ferner verbleiben;
337 878 1911 994 als ihnen an paͤdantiſcher Zan ſucht und poͤbelhafften Un⸗
349 950 1911 1082 hoͤflichkeit, gleich werden wollẽ; eil jenes allezeit mehr Ehre;
373 1026 1911 1159 dieſe unanſtandige Auffuͤhrung hingegen mehr Schande
348 1098 1912 1225 bringt, welche auch biß auf die ſpateNachwelt noch fort dau⸗
372 1212 1907 1350 reniziahluut ich ihnen noch in ertrauen vernelden, es nus
376 1304 1907 1421 ihnen nun lieb, oder leid ſeyn, daß dieſes Gedichte unterſchiedenen groſ⸗
378 1362 1908 1486 ſen, gelehrten und in der Dichtkunſt ſelbſt erfahrnen Staats⸗Miniſtern
347 1426 1909 1547 und hohen Stands⸗Perſonen, welche es aufnerckſam zu durchleſen ge
377 1487 1907 1607 ubel gefallen; ſondern
376 1551 1909 1659 deren guͤtigen Beyfall voͤllig erhalten; ſo gar, daß ſie mir beſtandig an⸗
378 1600 1912 1726 gelegen, es dem Drucke geſchwind zu ubergeben. Weil nun deren Urtheil
375 1664 1908 1788 ſcharffſinnig, gelautert und von aller ſolchen Schulſtaubichten Gelehr⸗
372 1725 1909 1851 ſamkeit weit entfernet, dergleichen dieſe Winckel-liebenden Bucde
378 1792 1872 1903 Wurmer etwan beſizen, und Schulermaßig groß damit thun; fie a
1099 1849 1910 1933 des und anderer Glucks⸗ Vorzuge, gar
363 1968 1908 2093 ſchmeicheln; ſo wird mir und andern vernuͤnfftigen Leuten, ſolcher aro ⸗
378 2023 1908 2152 ſen Maͤnner hochanſehnl cher Beyfall allezeit viel wichtiger und aulii⸗
299 2082 1908 2214 ger ſeyn; als aller dergleichen tadelſuͤchtigen Neider und unrerfer Split
333 2155 1752 2269 terrichter haͤmiſche Abneigung und nichtswurdiges Geſchwaze,
315 2223 1902 2335 aus Wind entſtanden, und wieder in Wind zerfaͤhret. gleich
1705 2277 1790 2330 ere
1757 2139 1905 2228 welches
428 2273 1710 2395 Fiei lüiü lüütminii enneii em
376 2320 1902 2450 ſchon, mcht ale Gedancken glech richtg und wichtin nict e
361 2396 1874 2498 dungen gleich ſinnreich, nicht alle Beywoͤrter gleich nachdru
1633 2438 1909 2524 ſo we
379 2456 1900 2561 tunſtverſtaͤndigen Leſer ſuͤrkommen, welches man gern zugiebti zn
377 2571 1839 2689 bie bekannten Worte des Horaz gedencken, womit ich dieſe meine
346 2640 1894 2828 eeee aneeii .  een enen
518 2805 540 2828 1
453 2814 1463 2876 ,
388 2837 1332 2892 ,2 *
504 2867 1068 2907 .
392 2844 1419 2938 .. . . .
397 2970 486 2996 4
