1742 2869
306 125 1488 240 Prinz enraubes/ I. Buch 7
0 245 1502 359 Doch dieſer Trozige ſchlug alles in den Wind..
23 323 1506 530 deiX iXee XX X XiX
34 490 1480 609 Sich an dem Churfuͤrſt ſelbſt und deſſen Blut, zu raͤchen;
32 575 1523 696 Und endlich zog er fort, voll Unmuth und Verdruß,
33 673 1505 770 Verließ den Hof in Eil, ohn einem Abſchieds⸗Gruß,
32 748 1553 943 eeXeXdXeee Xeeiee*
0 911 1607 1034 Hier kaufft er ich ein Se loß, as Jſenburg benannt, )
0 1011 1488 1283 c
74 1243 1546 1323 beiſſende Antwort werden faſt durchgangis von allen Seribenten ſo woht
140 1292 1483 1367 alten als neuen, bejahet und als glaubwurdig beſtaͤttiget. Nur Peter
142 1336 1484 1407 VNZ will in ſeiner angefuͤhrten I. Diſputat. P. 20. dieſem allgemeinen
106 1377 1505 1467 isſincict cicnſſtlnchien izhie iezie
0 1422 1490 1507 ſes ſeines unzeitigen Zweifels anzufuhren weiß, welches doch bey einer
0 1470 1505 1550 Geſchicht nothwendig geſchehen muß, waun man deren Wahrheit in
62 1514 1546 1661 Fil ii ns ucee ſ uhee nmnnei
154 1621 1511 1699 unhoͤffliche Betragung des Cunzen, in dem damahls unter ſeinem Nah⸗
114 1664 1495 1741 men herausgegebenen Manifeſt , ſelbſt folgender maſſen: So nu Cun⸗
158 1713 1492 1790 ze indeme ſich geſattiget hatte fuͤgte er ſich vom ge azten
160 1754 1515 1834 Tage / Uns ungegru et int eine erberge / und urder
127 1804 1511 1889 nach ſeiner Nothdurt / uß Unſer Stadt.
69 1858 1506 1948 (e) Die Boͤhmen waren in Meiſſen eingefallen, und von dem Churfuͤrſten mit
159 1907 1501 1987 groſſem Verluſt und blutigen Koͤpffen wieder abgewieſen worden, da⸗
159 1952 1499 2029 her war eine groſſe Verbitterung zwiſchen beyden Theilen; auch wollten
161 1998 1535 2076 ſie von den Meſſenern noch 64. Stgdte. und. chloſſer wieder heraus
164 2043 1531 2123 haben, welche unbillige und ungegrundete An rderung inſonderheit
158 2088 1500 2184 oͤnig Ladis laus in Bohmen / gegen den Chnrfuͤrſten ſehr heff⸗
161 2133 1530 2232 tig triebe, daruͤber es wieder zum Kriege kam worinnen aber ie Boͤh—
82 2178 1544 2263 men abermahls etnbuͤſſeten, davon unteh mit m hrerm. Siehe in⸗
0 2225 1510 2307 deſſen Se. von BR REN Sachſ. Held. Saaͤl. im Leben Fri. Placia.
0 2268 1547 2347 imgleichen M. Petri XVN II Diſſert. I. pag. 50. & B. parentis o.
158 2314 1589 2393 Mir. TRILLRI Diſſ. de Gratitudine Magnatum reali &c. pas.
159 2362 1544 2439 20. ſqq .
66 2417 1523 2536 (e) Dieſes auf den Boͤhmiſchen Graͤen von Kunz von Kauffungen erkauſte
82 2460 1552 2576 und u ſeuiem ſchgndlic en Vort abe beeueme und feſte Schlot
102 2509 1541 2599 Jſenburg / wird auch hier un dar J nberg geſchrieben, daher
