1691 2774
60 33 1212 155 4 Des Sachſi ſchen
61 173 1659 310 Der du auch hier gezeigt, wie deine ſcharffe Rache
60 275 1517 401 Und weiſe Vorſicht noch fuͤr hohe Haupter wache,
63 377 1602 502 Dich ruff ich izund an komm, ſteh mir hulffreich bey,
64 477 1512 595 Daß ich zu dieſem Werck geſchickt und munter ſey,
64 577 1560 694 Und in der Dichtkunſt zwar die Freyheit gelten laſſe,
63 681 1437 787 Doch alſo, daß ſie fich in ihre Schrancken faſſe
67 783 1413 885 Damit die Fabel nicht der Wahrheit widerſteh,
70 885 1448 982 Vielmehr ihr Schattenbild derſelben Licht erhoh
71 985 1534 1084 Die Groſſe dieſer That, wie deiner Treu und Liebe,
75 1089 1647 1293 FXXXXe XXeetou.
79 1281 1455 1436 Daß dieſes mein Gedicht dem eſer uen ſchaft.
27 1519 1594 1757 ki e ed XXeXe
85 1742 1602 1849 Ein Herr, der dieſes war, was er im Sprichwort hieß,
85 1838 1562 1942 Und ſeines Nahmens Krafft ſelbſt in der That erwieß,
42 1947 1567 2034 Dem, ſeinen Bruder Krieg nur einzig ausgenommen,
74 2035 1565 2131 Sehr wemig Furſten ſonſt an Tugend aleich gekommen,/
18 2125 1420 2220 Der jeden Tag beklagt, an welchem ſeine Hand
89 2209 1621 2307 Ein gutes Werck zu thun, nicht Zeit, noch Mittel fand.
89 2306 1619 2396 NurCunz von Rauffung war derMeynung ganz zuwider /
41 2396 1532 2491 Und ſchlug des Furſten Hald und ſanffte Gute nmeder,
90 2497 1468 2577 Der allen Gutige war ihm nur ein yrann,
78 2578 1354 2672 Dieweil er gegen ihn im Rechte nichts gewann
1442 2616 1605 2707 Denn
