1943 3200
320 1360 1655 1459 Arff ſich Durchlauchtigſter, mein Kohler zu
1044 1450 1482 1524 Dir wagen/
328 1509 1656 1600 Daß er ſich aus dem Wald, zu Deinem Thro⸗
108 1592 1474 1668 ne nahtꝰ
115 1658 1522 1744 Mag ihm erlaubet ſeyn, in Demuth furzutragen,
119 1745 1593 1834 Was er fuͤr einen Dienſt einſt Deinem Hauße that?
0 1840 1576 1928 Darff er die alte Treu in neuen Reimen zeigen,
125 1931 1666 2021 So wird alsdann ſein Gluͤck zum hoͤchſten Gipfel ſteigen.
0 2100 1751 2313 uar iſt er nicht gewohnt, der Hoͤffe Pracht zu ſchauen;
132 2304 1676 2454 Sen ſchwarzer Kohlen Rock ſchickt ſich zum Purpur
1077 2392 1195 2465 nich
136 2473 1605 2560 Er liebt die Einſamkeit, er wohnt in Wald und Auen,
132 2564 1691 2654 Und ſeine Finſterniß vertragt kein helles Licht,
93 2661 1678 2749 Er weiß nichts von der Kunſt, ſich prachtig auszudrucken,
118 2756 1749 2846 Die Einfalt der Natur muß ſeinen ortrag ſchmucken.
857 2850 1743 2935 )3 Jeden⸗
