1961 3036
266 159 1709 272 Prinzenraubes/ I. Buch. r1
145 261 1753 381 Du thuſt den Boͤhmen auch hierdurch den groͤſten Dienſt
148 375 1652 487 Wenn du dich dieſer That mit Helden-Muth erkuͤhn
152 468 1684 574 Denn alſo werden ſie die Schloͤſſer leicht bekommen,
156 572 1723 757 eeXeXXXXeXeXXea
161 759 1720 854 Drum auf! nur friſch gewagt, es wird von ſtatten gehnt
166 872 1721 1016 Hier ſchwieg, hier wich der Geiſt, und ſchoß mit einer
249 967 1561 1065 Schlangen
153 1044 1718 1153 Jn Cunzens falſche Bruſt das ſchaͤndliche Verlangen
173 1136 1719 1244 Den Prinzen⸗Raub zu thun: Der ließ die Lagerſtadt i
170 1231 1716 1337 Gleich mit dem Morgenroth/ vom Schweiſſe naß un matt
283 1461 1711 1529 ſie ihre bißher umſonſt begehrte 64! Staͤdte und Schloͤſſer ſolcher⸗
289 1509 1710 1580 geſtalt mit leiehter Muͤhe wieder bekommen konten: wie ſolches alles
290 1558 1711 1626 nach der Wahrſcheinlichkeit und Moglichkeit, mein ſeliger Vater,
291 1605 1711 1671 D. obann Mari TR1LLP glaubwurdig und umſtaͤndlich ausge?
283 1648 1713 1721 fuͤhret hat in der Vorſtellung der mancherleyen Gefahr / welche
278 1699 1714 1768 deneu heyden Churſuͤrſtl. Prtnzeu 14. vorgeſtandeun, elehe zu Al
291 1749 1705 1814 tenburg / 1700. gedruckt worden: auch ztelet hieratif der ſel. Herr D.
287 1794 1713 1857 RER G tn ſeiner gelehrteu Diſputatiön de Raptu Erneſti e
290 1842 1712 1911 Alberti, Duc. Saxon. imgleichen V LP IVS, in lagio Kauffungenſi, ſo
227 1891 1710 1961 zu Weiſſenfels / a4. herausgekommen / anderer zu geſchweigen, die
287 1937 1708 2006 auf ebeu dieſe vernunfftmaßige Muthmaſſungen gerathen. Was aber
235 1985 1708 2058 den alten Böhmiſehen Anſpruch gn Meiſſen wegen der oben gedachten
288 2034 1707 2102 entwandten 64. Schloſſer und Stadte, anbelangt; ſo iſt ſoleher endlieh
226 2082 1721 2156 im Jahr 1459. voͤllig gehoben nnd beygeleget worden, als ſich uuſer 16
244 2130 1713 2200 jaͤhriger erzog Albrecht mit der damahls kaum 9. jaͤhrigen Priu⸗
287 2179 1711 2243 zeßin Zedena oder Sidonia, des Kontges t Böhmen Georgi Padiebradii
287 2227 1709 2291 Tochter, vermaͤhlte, welches Beylager hernaoh, 1464. wuͤrcklieh
293 2271 1715 2343 vollzogen worden als wodureh ihm die bißher in Anſpruch genommeue
296 2320 1714 2387 64. Stadte und Sehloͤſſer gleichſam zur Heimſtener mitgegen uu
296 2368 1714 2435 damit dieſe Forderung gaͤntzlieh aufgehaben ward. Der damahls au⸗
295 2417 1714 2508 geriehtete Vertrag oder Riehtung, im Jahr 1459. wiſchen der Cron
296 2457 1714 2527 Boͤhmen und dem Hauſe Sachſeun, tſt gautz zu leſen in MüL L E RS
292 2510 1723 2577 Reichstagsbeatro, unter Friderico V. in der IJ. Vorſtellung, Cap ↄ
297 2549 1716 2619 ꝑ 537. ſqq. Siehe Siegin. vou BIRCXEN Sachſiſ. elden⸗Saal /
269 2601 1714 2664 Part. Il. ag. 72. Conf. ʒ BO EMI Vita Alberti &c. item artx·
284 2637 1712 2708 XAMM RMEISTERI Ainales Erfurt. apud M N CXEN Tom.
298 2696 1218 2760 III. ſcriptor. Rerum Gęrman. pag. 128.
