2065 3200
864 149 1255 271 Vorrede.
271 282 1934 424 les, kein liſtiger Ulyßes, kein heldenmuͤthiger
278 370 1853 503 Aeneas, kein andaͤchtiger und tapfrer Gottfried,
276 455 1855 576 kein ſieghaffter Heinri, und kein in Vollkom⸗
277 546 1855 667 menheit erſchaffner und Welt⸗ beherrſchender
275 629 1856 743 Adam; ſondern nur allein ein armer und ver⸗
277 718 1857 907 achteter; jedoch zugleich getreuer, frommer
273 807 1858 942 und wohlverdienter oͤhler, oder Kohlenbren⸗
274 895 1858 1013 ner, aufgeführet wird: als welcher wegen ſei⸗
211 976 1857 1112 ner ruͤhmlichen und heldenmaͤßigen That, wor⸗
273 1060 1856 1180 an allen Saͤchſiſchen Landen damahls ſo viel
271 1143 1856 1266 gelegen geweſen, in dieſem Gedichte von rechts⸗
187 1238 1854 1368 wegen, der Held ſeyn muͤſte; woferne man
267 1320 1854 1440 anders ein eigentliches Helden / Gedichte hatte
272 1398 1723 1499 ausarbeiten wollen.
307 1502 1853 1627 Jedoch, da nicht die zufaͤlligen Gaben der
420 1592 1853 1703 uhrt/ der Ehren und des Gluckes; ſondrrn
276 1673 1853 1798 vielmehr die eigenen Tugenden des Gemuͤths,
280 1753 1852 1879 einen Menſchen wahrhafftig groß und vorzuͤg⸗
130 1836 1850 1961 lich machen; ſo waͤre hier noch allerdings die
241 1918 1852 2043 Fra e, ob dieſer arme Koͤhler, troz ſeiner un⸗
277 1934 1849 2132 anſehnlichen Geſtalt, dennoch nicht den Held
280 2079 1849 2201 fuͤrſtellen koͤnte? inſonderheit, weil ſeine welt⸗
244 2167 1849 2293 kundige That alſo beſchaffen iſt, daß ſich wahr⸗
279 2245 1847 2378 hafftig kein Furſt, oder ſonſt groſſer Herr und
275 2329 1847 2494 K derſelben zu ſchamen rſache haben
296 2423 1623 2500 wur e.
324 2517 1844 2637 Jndeſſen iſt doch dieſes gewiß, daß man aus
271 2599 1838 2722 dieſer hochſt⸗merckwuͤrdigen Geſchichte Vorrath
277 2683 1884 2820 gnug hernehmen koͤnnte, ein vollſtaͤndiges und
279 2755 1839 2964 erbauliches Helden/Gedichte zu verfertigenz e
