<?xml version="1.0" encoding="UTF-8"?>
<pc:PcGts xmlns:pc="http://schema.primaresearch.org/PAGE/gts/pagecontent/2019-07-15" xmlns:xsi="http://www.w3.org/2001/XMLSchema-instance" xsi:schemaLocation="http://schema.primaresearch.org/PAGE/gts/pagecontent/2019-07-15 http://schema.primaresearch.org/PAGE/gts/pagecontent/2019-07-15/pagecontent.xsd" pcGtsId="KRAKEN_p0010">
    <pc:Metadata>
        <pc:Creator>OCR-D/core 2.63.0</pc:Creator>
        <pc:Created>2024-02-25T20:43:36</pc:Created>
        <pc:LastChange>2024-02-25T20:43:36</pc:LastChange>
        <pc:MetadataItem type="processingStep" name="preprocessing/optimization/binarization" value="ocrd-olena-binarize">
            <pc:Labels>
                <pc:Label value="sauvola-ms-split" type="impl"/>
                <pc:Label value="0" type="dpi"/>
                <pc:Label value="0.34" type="k"/>
                <pc:Label value="0" type="win-size"/>
            </pc:Labels>
        </pc:MetadataItem>
        <pc:MetadataItem type="processingStep" name="layout/segmentation/region" value="ocrd-tesserocr-segment">
            <pc:Labels externalModel="ocrd-tool" externalId="parameters">
                <pc:Label value="True" type="shrink_polygons"/>
                <pc:Label value="0" type="dpi"/>
                <pc:Label value="4" type="padding"/>
                <pc:Label value="False" type="block_polygons"/>
                <pc:Label value="True" type="find_tables"/>
                <pc:Label value="False" type="find_staves"/>
                <pc:Label value="False" type="sparse_text"/>
                <pc:Label value="True" type="overwrite_segments"/>
                <pc:Label value="region" type="segmentation_level"/>
                <pc:Label value="none" type="textequiv_level"/>
                <pc:Label value="True" type="overwrite_text"/>
                <pc:Label value="False" type="raw_lines"/>
                <pc:Label value="" type="char_whitelist"/>
                <pc:Label value="" type="char_blacklist"/>
                <pc:Label value="" type="char_unblacklist"/>
                <pc:Label value="{}" type="tesseract_parameters"/>
                <pc:Label value="{}" type="xpath_parameters"/>
                <pc:Label value="{}" type="xpath_model"/>
                <pc:Label value="False" type="auto_model"/>
                <pc:Label value="DEFAULT" type="oem"/>
            </pc:Labels>
            <pc:Labels externalModel="ocrd-tool" externalId="version">
                <pc:Label value="0.18.0 (tesseract 5.3.4)" type="ocrd-tesserocr-segment"/>
                <pc:Label value="2.63.0" type="ocrd/core"/>
            </pc:Labels>
        </pc:MetadataItem>
        <pc:MetadataItem type="processingStep" name="recognition/text-recognition" value="ocrd-calamari-recognize">
            <pc:Labels externalModel="ocrd-tool" externalId="parameters">
                <pc:Label value="qurator-gt4histocr-1.0" type="checkpoint_dir"/>
                <pc:Label value="confidence_voter_default_ctc" type="voter"/>
                <pc:Label value="line" type="textequiv_level"/>
                <pc:Label value="0.001" type="glyph_conf_cutoff"/>
            </pc:Labels>
            <pc:Labels externalModel="ocrd-tool" externalId="version">
                <pc:Label value="1.0.6 (calamari 1.0.6, tensorflow 2.13.1)" type="ocrd-calamari-recognize"/>
                <pc:Label value="2.63.0" type="ocrd/core"/>
            </pc:Labels>
        </pc:MetadataItem>
    </pc:Metadata>
    <pc:Page imageFilename="OCR-D-IMG/0010.png" imageWidth="1913" imageHeight="3011" type="content">
        <pc:AlternativeImage filename="OCR-D-BIN/OCR-D-BIN_p0010-BIN_sauvola-ms-split.png" comments="binarized"/>
        <pc:AlternativeImage filename="OCR-D-SEG/OCR-D-SEG_p0010.IMG-BIN.png" comments="binarized,binarized,clipped"/>
        <pc:ReadingOrder>
            <pc:OrderedGroup id="reading-order">
                <pc:RegionRefIndexed index="0" regionRef="region0000"/>
                <pc:RegionRefIndexed index="1" regionRef="region0001"/>
                <pc:RegionRefIndexed index="2" regionRef="region0002"/>
                <pc:RegionRefIndexed index="3" regionRef="region0003"/>
                <pc:RegionRefIndexed index="4" regionRef="region0004"/>
                <pc:RegionRefIndexed index="5" regionRef="region0005"/>
            </pc:OrderedGroup>
        </pc:ReadingOrder>
        <pc:TextRegion id="region0000" orientation="0.316441730431762" readingDirection="left-to-right" textLineOrder="top-to-bottom">
            <pc:Coords points="342,135 342,201 338,205 272,205 270,203 266,207 194,207 190,203 185,203 181,207 102,207 102,354 98,358 98,362 95,362 95,374 105,374 104,376 114,398 118,399 118,408 127,408 127,414 129,416 129,427 140,427 140,414 135,414 135,408 131,404 131,396 121,396 122,394 112,372 108,371 108,362 106,362 106,358 185,358 185,211 190,211 190,308 270,308 270,313 342,313 351,313 425,313 425,310 497,310 497,308 562,308 562,315 636,315 636,322 713,322 713,403 610,403 610,563 765,563 765,588 833,588 833,589 824,589 824,593 820,597 820,607 824,607 824,613 838,613 838,592 841,589 841,588 837,584 837,545 841,545 841,535 890,535 892,537 894,537 898,533 956,533 956,431 958,431 958,533 1010,533 1010,568 1081,568 1081,428 1082,428 1082,570 1131,570 1131,578 1107,578 1107,597 1103,601 1056,601 1056,603 1036,603 1032,607 1023,607 1023,612 1019,616 974,616 974,632 970,636 918,636 916,634 912,638 889,638 887,638 883,634 879,638 854,638 854,654 841,654 837,658 832,658 833,657 832,652 828,650 828,640 818,640 818,649 817,649 817,642 766,642 765,641 761,645 731,645 731,640 672,640 671,639 671,627 636,627 636,628 632,632 611,632 611,597 539,597 536,594 536,587 474,587 474,623 470,627 437,627 437,650 418,650 417,649 417,646 414,646 357,646 356,645 356,620 306,620 306,644 302,648 270,648 268,646 268,633 158,633 158,670 146,670 142,674 135,674 135,684 146,684 146,678 158,678 158,746 158,746 71,748 67,752 58,752 58,765 71,765 71,756 71,756 158,754 162,750 268,750 268,742 311,742 311,739 356,739 356,738 417,738 417,737 449,737 452,740 456,736 474,736 474,737 535,737 535,751 543,751 543,759 547,763 547,780 543,784 513,784 510,781 510,747 392,747 392,870 334,870 330,874 318,874 318,889 334,889 334,878 392,878 396,874 510,874 510,868 547,868 547,884 598,884 598,869 622,869 622,868 668,868 668,781 621,781 619,779 615,783 598,783 598,759 551,759 551,751 611,751 611,733 636,733 636,737 668,737 668,745 727,745 727,756 699,756 699,854 734,854 734,757 735,756 735,745 731,741 731,732 765,732 765,734 817,734 817,657 818,657 822,653 825,653 824,654 825,659 829,661 829,669 841,669 841,662 854,662 854,734 883,734 889,734 916,734 915,735 936,820 940,822 940,832 951,832 951,819 943,819 944,818 923,733 919,731 919,728 974,728 974,729 1030,729 1030,698 1036,698 1036,611 1056,611 1056,731 1109,731 1109,723 1148,723 1148,738 1145,739 1127,763 1127,765 1111,765 1111,807 1130,807 1130,768 1133,767 1151,743 1151,741 1199,741 1199,733 1272,733 1272,722 1312,722 1312,720 1342,720 1342,719 1394,719 1394,631 1396,631 1396,723 1460,723 1460,717 1498,717 1498,718 1546,718 1546,720 1580,770 1583,771 1583,779 1587,779 1587,788 1580,788 1580,799 1591,799 1591,792 1595,788 1595,779 1594,778 1594,771 1596,771 1679,709 1680,706 1684,706 1683,708 1736,827 1740,828 1740,840 1753,840 1753,825 1743,825 1744,823 1691,704 1687,703 1687,702 1689,702 1689,691 1679,691 1679,692 1675,696 1677,698 1677,703 1675,703 1592,765 1591,768 1586,768 1586,766 1552,716 1549,715 1549,622 1552,621 1572,585 1572,583 1580,583 1580,571 1569,571 1569,580 1566,581 1546,617 1546,619 1498,619 1498,625 1494,629 1462,629 1460,627 1458,625 1456,627 1400,627 1396,623 1394,623 1394,612 1341,612 1338,609 1334,613 1309,613 1309,630 1305,634 1272,634 1272,612 1199,612 1199,579 1152,579 1151,578 1148,575 1145,578 1139,578 1139,570 1135,566 1135,537 1169,537 1169,495 1205,495 1209,491 1217,491 1217,477 1205,477 1205,487 1169,487 1167,489 1136,489 1135,488 1135,424 1086,424 1082,420 1081,420 1081,398 1010,398 1010,423 1006,427 962,427 958,423 956,423 956,417 894,417 894,529 892,529 892,422 837,422 836,421 832,425 769,425 766,422 766,403 721,403 721,322 717,318 717,302 791,302 791,292 857,292 857,299 937,299 937,298 1003,298 1003,316 1084,316 1084,298 1158,298 1158,288 1223,288 1223,301 1303,301 1305,303 1309,299 1377,299 1377,297 1442,297 1442,304 1523,304 1523,302 1587,302 1587,323 1608,323 1608,392 1612,396 1612,402 1622,402 1622,392 1616,392 1616,323 1667,323 1667,324 1687,324 1687,311 1671,311 1667,307 1667,178 1707,178 1707,189 1714,189 1714,217 1710,217 1710,231 1722,231 1722,217 1722,189 1718,185 1718,174 1711,174 1707,170 1667,170 1667,149 1587,149 1587,180 1583,184 1515,184 1515,188 1511,192 1450,192 1450,191 1445,191 1442,188 1439,191 1377,191 1377,167 1296,167 1296,189 1230,189 1230,152 1151,152 1151,162 1147,166 1077,166 1077,186 1073,190 1005,190 1003,188 999,192 933,192 930,189 926,193 865,193 865,192 860,192 857,189 854,192 791,192 791,154 709,154 709,192 705,196 643,196 640,196 636,192 632,196 564,196 562,194 558,198 492,198 491,197 487,201 425,201 425,135"/>
            <pc:TextLine id="region0000_line0000">
                <pc:Coords points="342,135 342,201 338,205 272,205 270,203 266,207 194,207 190,203 185,203 181,207 102,207 102,354 98,358 98,362 95,362 95,374 105,374 104,376 114,398 118,399 118,408 127,408 127,414 129,416 129,427 140,427 140,414 135,414 135,408 131,404 131,396 121,396 122,394 112,372 108,371 108,362 106,362 106,358 185,358 185,211 190,211 190,308 270,308 270,313 342,313 351,313 425,313 425,310 497,310 497,308 562,308 562,315 636,315 636,322 713,322 713,403 610,403 610,563 765,563 765,588 833,588 833,589 824,589 824,593 820,597 820,607 824,607 824,613 838,613 838,592 841,589 841,588 837,584 837,545 841,545 841,535 890,535 892,537 894,537 898,533 956,533 956,431 958,431 958,533 1010,533 1010,568 1081,568 1081,428 1082,428 1082,570 1131,570 1131,578 1107,578 1107,597 1103,601 1056,601 1056,603 1036,603 1032,607 1023,607 1023,612 1019,616 974,616 974,632 970,636 918,636 916,634 912,638 889,638 887,638 883,634 879,638 854,638 854,654 841,654 837,658 832,658 833,657 832,652 828,650 828,640 820,640 818,640 818,642 817,642 813,642 766,642 765,641 761,645 731,645 731,640 672,640 671,639 671,627 636,627 636,628 632,632 611,632 611,597 539,597 536,594 536,587 474,587 474,623 470,627 437,627 437,646 437,650 433,650 418,650 417,649 417,646 414,646 357,646 356,645 356,620 306,620 306,644 302,648 270,648 268,646 268,633 158,633 158,670 146,670 142,674 135,674 135,684 146,684 146,678 158,678 158,746 71,748 67,752 58,752 58,765 71,765 71,756 158,754 162,750 268,750 268,742 311,742 311,739 356,739 356,738 417,738 417,737 449,737 452,737 452,736 456,736 474,736 474,737 535,737 535,751 543,751 551,751 611,751 611,733 636,733 636,737 668,737 668,745 727,745 731,745 731,741 731,732 765,732 765,734 817,734 817,657 817,650 818,650 818,653 822,653 825,653 824,654 825,659 829,661 829,669 841,669 841,662 854,662 854,734 883,734 889,734 916,734 919,734 919,731 919,728 974,728 974,729 1030,729 1030,698 1036,698 1036,611 1056,611 1056,731 1109,731 1109,723 1148,723 1148,738 1148,741 1151,741 1199,741 1199,733 1272,733 1272,722 1312,722 1312,720 1342,720 1342,719 1394,719 1394,631 1396,631 1396,723 1460,723 1460,717 1498,717 1498,718 1546,718 1549,718 1549,715 1549,700 1675,700 1677,698 1677,700 1677,703 1677,706 1680,706 1684,706 1687,706 1689,703 1687,703 1687,702 1689,702 1689,700 1689,691 1679,691 1679,692 1679,694 1678,693 1677,694 1675,692 1549,692 1549,622 1552,621 1572,585 1572,583 1580,583 1580,571 1569,571 1569,580 1566,581 1546,617 1546,619 1498,619 1498,625 1494,629 1462,629 1460,627 1458,625 1456,627 1400,627 1396,623 1394,623 1394,612 1341,612 1338,609 1334,613 1309,613 1309,630 1305,634 1272,634 1272,612 1199,612 1199,579 1152,579 1151,578 1148,575 1145,578 1139,578 1139,570 1135,566 1135,537 1169,537 1169,495 1169,493 1205,493 1207,491 1209,491 1217,491 1217,477 1205,477 1205,485 1205,487 1169,487 1167,489 1165,489 1136,489 1135,488 1135,424 1086,424 1082,420 1081,420 1081,398 1010,398 1010,423 1006,427 962,427 958,423 956,423 956,417 894,417 894,529 892,529 892,422 837,422 836,421 832,425 769,425 766,422 766,403 721,403 721,322 717,318 717,302 791,302 791,292 857,292 857,299 937,299 937,298 1003,298 1003,316 1084,316 1084,298 1158,298 1158,288 1223,288 1223,301 1303,301 1305,303 1309,299 1377,299 1377,297 1442,297 1442,304 1523,304 1523,302 1587,302 1587,323 1608,323 1608,392 1612,396 1612,402 1622,402 1622,392 1616,392 1616,323 1667,323 1667,324 1687,324 1687,311 1671,311 1667,307 1667,178 1707,178 1707,189 1714,189 1714,217 1710,217 1710,231 1722,231 1722,217 1722,189 1718,185 1718,174 1711,174 1707,170 1667,170 1667,149 1587,149 1587,180 1583,184 1515,184 1515,188 1511,192 1450,192 1450,191 1445,191 1442,188 1439,191 1377,191 1377,167 1296,167 1296,189 1230,189 1230,152 1151,152 1151,162 1147,166 1077,166 1077,186 1073,190 1005,190 1003,188 999,192 933,192 930,189 926,193 865,193 865,192 860,192 857,189 854,192 791,192 791,154 709,154 709,192 705,196 643,196 640,196 636,192 632,196 564,196 562,194 558,198 492,198 491,197 487,201 425,201 425,135"/>
                <pc:TextEquiv conf="0.">
                    <pc:Unicode></pc:Unicode>
                </pc:TextEquiv>
            </pc:TextLine>
            <pc:TextLine id="region0000_line0001">
                <pc:Coords points="935,819 936,818 936,820 940,822 940,823 940,832 951,832 951,823 951,823 951,823 1111,811 1115,807 1115,807 1130,807 1130,803 1580,803 1584,799 1588,799 1591,799 1591,796 1591,792 1593,790 1594,792 1732,823 1734,822 1736,827 1740,828 1740,840 1753,840 1753,825 1743,825 1741,821 1736,820 1734,816 1596,784 1595,785 1595,779 1594,778 1594,771 1594,768 1591,768 1586,768 1583,768 1583,771 1583,779 1587,779 1587,788 1584,788 1580,788 1580,792 1580,795 1130,795 1130,792 1130,784 1130,768 1130,765 1127,765 1111,765 1111,803 1111,803 1111,803 951,815 947,819 947,819 944,819 943,819 944,818 940,815 939,815 935,811 734,811 734,757 734,756 727,756 699,756 699,846 668,846 668,781 621,781 619,779 615,783 598,783 598,759 551,759 547,759 547,763 547,780 543,784 513,784 510,781 510,747 392,747 392,870 334,870 330,874 318,874 318,889 334,889 334,878 392,878 396,874 510,874 510,868 547,868 547,884 598,884 598,869 622,869 622,868 668,868 668,858 668,854 699,854 703,854 734,854 734,823 734,819"/>
                <pc:TextEquiv conf="0.978134751319885">
                    <pc:Unicode>eſer!</pc:Unicode>
                </pc:TextEquiv>
            </pc:TextLine>
            <pc:TextEquiv>
                <pc:Unicode>
eſer!</pc:Unicode>
            </pc:TextEquiv>
        </pc:TextRegion>
        <pc:TextRegion id="region0001" orientation="0.316441730431762" readingDirection="left-to-right" textLineOrder="top-to-bottom">
            <pc:Coords points="213,1238 215,1236 263,1236 263,1177 267,1173 346,1173 346,1054 350,1050 384,1050 388,1054 388,1115 418,1115 422,1115 448,1115 448,1124 456,1124 456,1126 390,1126 390,1182 379,1182 375,1186 369,1186 369,1197 366,1197 347,1219 347,1222 340,1222 340,1233 350,1233 350,1225 353,1225 372,1203 372,1200 379,1200 379,1190 390,1190 390,1222 400,1222 400,1271 423,1271 423,1277 422,1277 420,1279 369,1279 368,1278 364,1282 343,1282 343,1351 368,1351 368,1358 365,1361 365,1371 331,1371 330,1370 330,1356 281,1356 281,1351 279,1349 302,1349 302,1351 329,1351 329,1278 302,1278 302,1290 298,1294 277,1294 277,1287 277,1286 281,1282 277,1278 277,1277 265,1277 265,1282 248,1282 248,1292 205,1292 205,1351 248,1351 252,1355 256,1351 273,1351 273,1356 277,1360 277,1439 327,1439 327,1441 336,1441 336,1446 296,1446 296,1502 338,1502 338,1503 374,1503 374,1506 373,1506 373,1512 357,1512 357,1525 333,1525 332,1524 332,1511 309,1511 307,1509 307,1507 305,1507 265,1507 265,1512 259,1512 259,1434 247,1434 247,1385 249,1385 249,1401 260,1401 260,1381 253,1381 249,1377 247,1377 247,1372 234,1372 234,1359 180,1359 180,1360 168,1360 168,1354 190,1354 190,1296 168,1296 168,1283 125,1283 126,1281 125,1279 121,1278 121,1270 110,1270 110,1281 118,1281 117,1283 118,1285 122,1286 122,1365 131,1365 131,1434 162,1434 162,1431 185,1431 186,1432 190,1428 215,1428 215,1431 212,1434 215,1437 215,1440 216,1440 216,1446 212,1450 181,1450 181,1441 134,1441 134,1511 181,1511 181,1505 216,1505 216,1515 224,1515 225,1516 225,1523 221,1527 189,1527 189,1525 186,1525 184,1523 182,1525 139,1525 139,1587 189,1587 189,1583 225,1583 225,1590 227,1590 231,1594 231,1626 222,1626 218,1630 214,1630 214,1629 210,1625 210,1616 198,1616 195,1613 165,1613 161,1617 144,1617 144,1636 165,1636 165,1621 195,1621 195,1629 206,1629 206,1630 207,1631 207,1648 222,1648 222,1634 231,1634 231,1671 227,1675 226,1674 222,1678 194,1678 194,1679 152,1679 152,1745 149,1748 147,1745 120,1741 119,1741 119,1735 109,1735 109,1745 115,1745 118,1749 145,1753 146,1753 146,1816 182,1816 182,1814 212,1814 212,1813 233,1813 233,1812 252,1812 252,1755 225,1755 222,1752 218,1756 212,1756 212,1755 209,1755 206,1752 203,1755 182,1755 182,1752 201,1752 201,1740 205,1736 230,1736 230,1735 254,1735 254,1734 273,1734 273,1678 254,1678 247,1678 244,1675 290,1675 290,1742 268,1742 268,1823 260,1823 260,1832 224,1832 224,1827 195,1827 195,1822 153,1822 153,1896 148,1896 148,2000 144,2004 146,2006 145,2007 147,2009 147,2014 148,2014 148,2058 157,2058 157,2065 169,2065 169,2058 201,2058 201,2043 206,2043 206,2054 237,2054 237,2125 229,2125 229,2143 207,2143 206,2142 206,2141 205,2141 203,2139 201,2141 157,2141 157,2208 153,2212 157,2216 157,2220 157,2288 154,2288 154,2357 182,2357 182,2355 203,2355 203,2354 219,2354 219,2367 215,2371 215,2377 198,2377 195,2374 195,2369 151,2369 151,2438 195,2438 195,2436 227,2436 227,2433 255,2433 258,2436 262,2432 283,2432 286,2435 290,2431 317,2431 317,2398 325,2398 325,2444 337,2444 337,2445 304,2445 304,2443 302,2443 300,2441 298,2443 236,2443 236,2515 233,2518 233,2523 237,2527 237,2534 233,2538 214,2538 214,2537 213,2537 210,2534 207,2537 187,2537 183,2533 180,2536 140,2536 140,2597 185,2597 185,2594 214,2594 214,2592 237,2592 237,2606 275,2606 275,2593 301,2593 305,2593 331,2593 331,2592 364,2592 364,2535 333,2535 329,2531 325,2535 305,2535 305,2527 278,2527 275,2524 275,2523 274,2523 241,2523 241,2518 304,2518 304,2512 341,2512 341,2449 345,2445 345,2444 345,2394 329,2394 325,2390 317,2390 317,2376 281,2376 281,2377 254,2377 254,2379 227,2379 227,2377 224,2377 223,2376 223,2371 264,2371 264,2354 288,2354 288,2351 312,2351 312,2353 335,2353 335,2366 368,2366 368,2434 364,2438 368,2442 368,2511 398,2511 398,2516 440,2516 440,2514 444,2510 483,2510 483,2452 438,2452 438,2453 403,2453 403,2441 408,2441 408,2435 432,2435 433,2436 437,2432 454,2432 459,2432 480,2432 480,2442 505,2442 505,2433 543,2433 543,2431 605,2431 605,2437 589,2437 589,2449 585,2453 573,2453 571,2453 567,2449 563,2453 552,2453 552,2452 551,2452 548,2449 545,2452 504,2452 504,2511 552,2511 552,2510 573,2510 573,2509 589,2509 589,2511 585,2515 562,2515 562,2529 558,2533 538,2533 534,2529 531,2532 494,2532 491,2529 487,2533 464,2533 460,2529 456,2533 428,2533 426,2531 426,2530 425,2530 424,2529 423,2530 382,2530 382,2590 424,2590 424,2597 464,2597 464,2590 491,2590 495,2590 536,2590 536,2588 562,2588 562,2603 602,2603 602,2592 671,2592 671,2589 695,2589 699,2589 731,2589 731,2532 697,2532 695,2530 691,2534 673,2534 671,2532 669,2530 667,2532 606,2532 602,2528 602,2521 658,2521 658,2517 664,2517 664,2524 676,2524 676,2517 679,2517 680,2516 713,2516 713,2510 738,2510 741,2513 745,2509 758,2509 763,2509 805,2509 809,2505 831,2505 831,2506 867,2506 867,2520 842,2520 842,2525 838,2529 817,2529 815,2527 811,2531 803,2531 802,2531 798,2527 794,2531 755,2531 755,2589 803,2589 803,2586 815,2586 824,2586 842,2586 881,2586 881,2520 875,2520 875,2506 871,2502 871,2440 831,2440 831,2445 827,2449 803,2449 803,2450 763,2450 763,2438 737,2438 737,2451 713,2451 713,2436 679,2436 679,2509 676,2509 672,2513 668,2513 664,2509 658,2509 658,2437 632,2437 632,2435 671,2435 671,2429 698,2429 698,2430 733,2430 733,2428 767,2428 771,2428 807,2428 810,2431 814,2427 849,2427 852,2430 856,2426 876,2426 882,2426 895,2426 895,2434 898,2437 898,2517 954,2517 954,2507 962,2507 962,2519 990,2519 990,2525 985,2525 984,2524 980,2528 968,2528 961,2528 957,2524 953,2528 946,2528 946,2527 944,2527 941,2524 938,2527 901,2527 901,2586 946,2586 946,2583 957,2583 968,2583 984,2583 984,2603 1029,2603 1029,2584 1054,2584 1054,2596 1108,2596 1110,2598 1114,2594 1148,2594 1148,2582 1179,2582 1179,2581 1192,2581 1201,2581 1221,2581 1221,2580 1247,2580 1247,2581 1284,2581 1284,2528 1308,2528 1308,2596 1381,2596 1381,2576 1408,2576 1408,2581 1434,2581 1434,2576 1471,2576 1471,2510 1434,2510 1434,2505 1412,2505 1408,2501 1408,2500 1474,2500 1474,2518 1501,2518 1501,2499 1519,2499 1519,2505 1583,2505 1584,2508 1587,2510 1589,2510 1589,2513 1585,2517 1552,2517 1552,2509 1511,2509 1511,2573 1504,2573 1504,2583 1515,2583 1515,2579 1519,2575 1540,2575 1540,2585 1595,2585 1595,2578 1625,2578 1625,2572 1644,2572 1644,2576 1686,2576 1686,2578 1722,2578 1722,2520 1693,2520 1693,2516 1686,2516 1651,2516 1651,2507 1655,2503 1666,2503 1666,2505 1717,2505 1717,2440 1736,2440 1736,2447 1744,2447 1744,2449 1761,2478 1764,2479 1764,2488 1775,2488 1775,2480 1798,2480 1800,2478 1816,2478 1816,2474 1874,2474 1878,2470 1886,2470 1886,2456 1880,2456 1880,2397 1876,2393 1876,2381 1864,2381 1864,2397 1872,2397 1872,2456 1874,2458 1874,2466 1816,2466 1816,2465 1798,2465 1798,2472 1775,2472 1771,2476 1767,2476 1767,2474 1750,2445 1747,2444 1747,2439 1750,2438 1784,2378 1784,2376 1792,2376 1792,2366 1781,2366 1781,2373 1778,2374 1744,2434 1744,2436 1740,2436 1736,2432 1717,2432 1715,2434 1673,2434 1673,2422 1646,2422 1646,2432 1642,2436 1615,2436 1615,2462 1613,2462 1609,2466 1603,2466 1603,2477 1613,2477 1613,2470 1615,2470 1615,2491 1611,2495 1605,2495 1605,2507 1592,2507 1591,2504 1588,2502 1586,2502 1586,2422 1520,2422 1519,2421 1515,2425 1501,2425 1501,2423 1497,2423 1495,2421 1493,2423 1474,2423 1474,2434 1470,2438 1409,2438 1408,2437 1408,2422 1407,2422 1403,2418 1403,2415 1391,2415 1391,2422 1364,2422 1364,2434 1360,2438 1335,2438 1335,2440 1323,2440 1323,2426 1319,2422 1319,2415 1315,2415 1315,2410 1304,2410 1304,2415 1304,2421 1308,2421 1308,2426 1315,2426 1315,2440 1290,2440 1290,2498 1333,2498 1337,2502 1341,2498 1364,2498 1364,2506 1308,2506 1308,2520 1284,2520 1280,2524 1251,2524 1247,2520 1243,2524 1224,2524 1220,2520 1216,2524 1194,2524 1192,2522 1188,2526 1179,2526 1179,2525 1177,2525 1174,2522 1171,2525 1152,2525 1148,2521 1148,2513 1152,2509 1152,2504 1186,2504 1186,2501 1212,2501 1212,2502 1234,2502 1238,2502 1262,2502 1262,2428 1235,2428 1234,2427 1230,2431 1212,2431 1212,2439 1208,2443 1192,2443 1192,2417 1188,2413 1188,2406 1178,2406 1178,2417 1184,2417 1184,2443 1183,2443 1182,2442 1178,2446 1148,2446 1148,2441 1118,2441 1118,2462 1117,2463 1117,2459 1107,2459 1107,2471 1114,2471 1114,2477 1118,2477 1118,2503 1136,2503 1136,2504 1144,2504 1144,2509 1107,2509 1107,2512 1089,2512 1085,2508 1085,2471 1057,2471 1057,2512 1054,2512 1054,2522 1050,2526 1030,2526 1029,2525 1026,2522 1023,2525 998,2525 998,2519 994,2515 994,2504 1037,2504 1037,2445 992,2445 990,2443 986,2447 978,2447 978,2446 965,2446 962,2443 959,2446 954,2446 954,2434 903,2434 903,2426 899,2422 899,2404 882,2404 882,2358 850,2358 850,2369 807,2369 807,2370 769,2370 767,2368 763,2372 733,2372 733,2357 698,2357 698,2368 694,2372 674,2372 671,2369 671,2356 656,2356 656,2351 693,2351 693,2349 719,2349 722,2352 726,2348 736,2348 740,2348 744,2352 748,2348 765,2348 765,2291 736,2291 736,2292 719,2292 719,2293 696,2293 693,2290 693,2283 669,2283 669,2281 704,2281 704,2271 727,2271 727,2283 771,2283 771,2268 801,2268 801,2210 773,2210 771,2208 771,2198 731,2198 730,2197 730,2196 729,2196 727,2194 725,2196 701,2196 701,2190 739,2190 739,2189 764,2189 769,2189 791,2189 791,2198 862,2198 862,2196 899,2196 899,2203 904,2203 905,2204 905,2205 901,2209 861,2209 861,2210 821,2210 821,2229 818,2232 814,2232 811,2229 808,2232 805,2232 805,2244 811,2244 818,2244 821,2244 821,2268 847,2268 847,2279 851,2283 851,2285 847,2289 830,2289 826,2285 822,2289 804,2289 801,2286 797,2290 783,2290 783,2346 801,2346 801,2347 828,2347 828,2346 853,2346 858,2346 873,2346 882,2346 897,2346 897,2347 929,2347 929,2346 971,2346 971,2316 978,2316 978,2357 1005,2357 1005,2312 982,2312 978,2308 971,2308 971,2288 928,2288 925,2285 921,2289 901,2289 897,2285 893,2289 882,2289 877,2289 873,2285 869,2289 861,2289 861,2279 855,2279 855,2268 864,2268 866,2270 870,2266 907,2266 907,2265 945,2265 945,2204 953,2204 953,2265 990,2265 992,2265 1022,2265 1022,2264 1044,2264 1044,2263 1059,2263 1067,2263 1089,2263 1089,2210 1096,2210 1096,2268 1104,2268 1104,2275 1108,2279 1108,2282 1104,2286 1084,2286 1082,2284 1082,2276 1040,2276 1040,2353 1037,2354 1029,2366 1029,2368 1020,2368 1020,2378 1032,2378 1032,2371 1035,2370 1043,2358 1043,2356 1078,2356 1078,2356 1082,2394 1086,2398 1086,2406 1097,2406 1097,2394 1090,2394 1090,2394 1086,2356 1082,2352 1082,2343 1108,2343 1108,2344 1149,2344 1149,2275 1112,2275 1112,2268 1160,2268 1160,2260 1187,2260 1187,2262 1210,2262 1210,2265 1206,2269 1173,2269 1173,2358 1258,2358 1258,2342 1291,2342 1291,2354 1338,2354 1338,2341 1386,2341 1386,2303 1396,2303 1396,2350 1425,2350 1425,2299 1400,2299 1396,2295 1386,2295 1386,2268 1338,2268 1338,2267 1334,2267 1331,2264 1328,2267 1291,2267 1291,2280 1287,2284 1260,2284 1258,2282 1258,2271 1261,2271 1261,2262 1297,2262 1299,2264 1303,2260 1323,2260 1327,2260 1353,2260 1353,2261 1377,2261 1377,2258 1405,2258 1405,2261 1443,2261 1443,2268 1470,2268 1470,2225 1447,2225 1446,2224 1446,2193 1412,2193 1412,2180 1436,2180 1436,2189 1476,2189 1476,2274 1538,2274 1538,2275 1534,2279 1494,2279 1494,2281 1484,2281 1484,2280 1475,2280 1472,2277 1469,2280 1452,2280 1452,2338 1484,2338 1484,2337 1494,2337 1499,2337 1503,2341 1507,2337 1543,2337 1543,2336 1580,2336 1580,2270 1549,2270 1549,2257 1581,2257 1586,2257 1614,2257 1614,2265 1655,2265 1655,2272 1685,2272 1685,2276 1647,2276 1646,2276 1642,2272 1638,2276 1601,2276 1601,2347 1612,2347 1612,2381 1616,2385 1616,2391 1626,2391 1626,2381 1620,2381 1620,2347 1647,2347 1647,2343 1691,2343 1691,2332 1695,2328 1719,2328 1719,2268 1691,2268 1691,2266 1716,2266 1716,2262 1728,2262 1728,2248 1718,2248 1716,2246 1716,2215 1723,2215 1723,2223 1733,2223 1733,2214 1735,2215 1759,2204 1760,2200 1764,2200 1764,2231 1766,2233 1766,2243 1776,2243 1777,2247 1789,2252 1791,2251 1791,2260 1801,2260 1801,2252 1840,2252 1847,2252 1848,2255 1861,2265 1863,2265 1863,2274 1874,2274 1874,2262 1866,2262 1865,2259 1852,2249 1850,2249 1850,2244 1853,2243 1865,2224 1865,2222 1872,2222 1874,2226 1900,2231 1901,2230 1901,2239 1912,2239 1912,2227 1904,2227 1902,2223 1876,2218 1875,2219 1875,2209 1874,2209 1874,2180 1904,2180 1904,2186 1913,2186 1913,2176 1908,2176 1904,2172 1870,2172 1870,2166 1857,2166 1857,2178 1866,2178 1866,2209 1862,2209 1862,2219 1859,2220 1847,2239 1847,2241 1840,2241 1840,2244 1801,2244 1797,2248 1794,2248 1793,2244 1781,2239 1779,2240 1779,2231 1772,2231 1772,2200 1768,2196 1768,2192 1770,2192 1793,2179 1794,2176 1801,2176 1801,2164 1791,2164 1791,2173 1789,2173 1766,2186 1765,2189 1757,2189 1757,2197 1755,2196 1731,2207 1730,2211 1727,2211 1723,2207 1716,2207 1716,2195 1690,2195 1687,2192 1683,2196 1656,2196 1655,2195 1651,2199 1618,2199 1614,2195 1610,2199 1586,2199 1585,2199 1581,2195 1577,2199 1551,2199 1549,2197 1549,2184 1483,2184 1483,2177 1492,2177 1492,2180 1544,2180 1544,2120 1495,2120 1492,2117 1488,2121 1483,2121 1483,2105 1436,2105 1436,2117 1432,2121 1410,2121 1407,2118 1403,2122 1371,2122 1369,2120 1369,2115 1373,2111 1400,2111 1400,2100 1441,2100 1442,2101 1446,2097 1479,2097 1479,2098 1513,2098 1513,2101 1551,2101 1551,2043 1559,2043 1559,2099 1602,2099 1605,2102 1609,2098 1644,2098 1644,2105 1651,2105 1650,2106 1578,2106 1578,2183 1656,2183 1656,2175 1678,2175 1678,2182 1714,2182 1714,2107 1687,2107 1684,2107 1684,2106 1716,2106 1716,2078 1764,2078 1764,2086 1775,2086 1775,2074 1768,2074 1764,2070 1716,2070 1716,2044 1687,2044 1687,2029 1672,2029 1672,2027 1668,2023 1668,2017 1657,2017 1657,2027 1664,2027 1664,2029 1644,2029 1644,2034 1640,2038 1599,2038 1599,2039 1563,2039 1559,2035 1551,2035 1548,2038 1516,2038 1513,2035 1509,2039 1483,2039 1481,2037 1481,2036 1480,2036 1479,2035 1478,2036 1437,2036 1437,2043 1401,2043 1400,2042 1400,2031 1358,2031 1358,2109 1310,2109 1310,2100 1341,2100 1341,2043 1310,2043 1310,2032 1288,2032 1284,2028 1282,2028 1281,2029 1271,2029 1271,2040 1282,2040 1282,2036 1284,2036 1284,2044 1263,2044 1261,2042 1257,2046 1240,2046 1240,2101 1261,2101 1261,2111 1278,2111 1281,2114 1281,2194 1292,2194 1296,2198 1296,2203 1263,2203 1261,2201 1261,2189 1223,2189 1223,2183 1220,2180 1247,2180 1247,2125 1219,2125 1219,2113 1216,2113 1216,2105 1212,2101 1212,2037 1199,2037 1195,2033 1195,2029 1183,2029 1183,2037 1170,2037 1170,2043 1166,2047 1143,2047 1143,2103 1170,2103 1170,2105 1208,2105 1208,2113 1191,2113 1190,2112 1186,2116 1153,2116 1153,2183 1190,2183 1194,2183 1215,2183 1215,2189 1210,2189 1206,2193 1187,2193 1187,2201 1183,2205 1161,2205 1160,2204 1160,2192 1128,2192 1128,2184 1124,2180 1124,2127 1092,2127 1092,2116 1071,2116 1071,2115 1121,2115 1121,2034 1057,2034 1056,2033 1052,2037 1033,2037 1033,2107 1056,2107 1056,2115 1063,2115 1063,2116 1067,2120 1067,2123 1063,2127 1049,2127 1043,2127 1039,2123 1035,2127 1001,2127 1001,2186 1039,2186 1049,2186 1071,2186 1071,2183 1088,2183 1088,2184 1120,2184 1120,2192 1096,2192 1096,2202 1089,2202 1085,2206 1062,2206 1059,2203 1055,2207 1044,2207 1042,2207 1038,2203 1034,2207 1023,2207 1019,2203 1015,2207 994,2207 992,2205 992,2200 957,2200 953,2196 945,2196 941,2200 940,2200 940,2187 965,2187 965,2116 943,2116 944,2115 970,2115 970,2112 974,2108 986,2108 990,2112 994,2108 1013,2108 1013,2036 997,2036 997,2024 993,2020 993,2017 996,2017 1011,2003 1011,2000 1025,2000 1025,1985 1008,1985 1008,1997 1005,1997 990,2011 990,2014 983,2014 983,2024 989,2024 989,2036 987,2036 987,2038 965,2038 965,2050 939,2050 938,2049 935,2046 932,2049 872,2049 872,2109 935,2109 935,2113 899,2113 899,2126 895,2130 862,2130 860,2130 856,2126 852,2130 793,2130 791,2128 787,2132 769,2132 769,2127 779,2127 779,2114 783,2110 822,2110 822,2080 830,2080 830,2118 857,2118 857,2076 834,2076 830,2072 822,2072 822,2052 774,2052 774,2053 739,2053 739,2042 686,2042 686,2118 665,2118 665,2047 620,2047 620,2052 616,2056 595,2056 595,2058 559,2058 558,2057 558,2046 528,2046 528,2054 524,2058 507,2058 506,2057 506,2043 471,2043 471,2117 506,2117 506,2114 528,2114 528,2117 558,2117 558,2114 595,2114 597,2116 601,2112 620,2112 620,2121 650,2121 651,2122 651,2205 626,2205 626,2214 610,2214 610,2205 606,2201 606,2155 595,2155 595,2146 583,2146 583,2154 582,2155 583,2156 583,2158 585,2158 586,2159 586,2205 602,2205 602,2211 598,2215 590,2215 590,2214 587,2214 584,2211 581,2214 547,2214 543,2210 539,2214 517,2214 517,2203 442,2203 442,2278 517,2278 517,2271 543,2271 546,2271 590,2271 590,2270 602,2270 602,2271 626,2271 630,2275 634,2271 665,2271 665,2277 661,2281 661,2283 652,2283 652,2347 648,2351 648,2356 628,2356 628,2431 624,2435 624,2437 613,2437 613,2431 609,2427 609,2367 545,2367 543,2365 543,2363 546,2360 546,2351 575,2351 579,2355 583,2351 599,2351 602,2354 606,2350 621,2350 621,2293 591,2293 591,2294 576,2294 576,2295 545,2295 542,2292 542,2291 541,2291 499,2291 499,2351 538,2351 538,2360 505,2360 501,2360 497,2356 493,2360 480,2360 480,2362 476,2366 457,2366 454,2363 450,2367 427,2367 427,2374 408,2374 408,2361 396,2361 396,2352 423,2352 423,2353 468,2353 468,2295 427,2295 423,2291 419,2295 398,2295 396,2293 396,2281 396,2275 431,2275 431,2208 392,2208 392,2213 388,2217 353,2217 349,2213 345,2217 332,2217 329,2214 325,2218 308,2218 308,2274 337,2274 337,2273 349,2273 349,2274 389,2274 388,2275 388,2281 337,2281 335,2279 331,2283 312,2283 312,2293 308,2297 289,2297 288,2296 288,2282 262,2282 262,2292 258,2296 220,2296 219,2295 215,2299 197,2299 195,2297 191,2301 184,2301 182,2299 182,2298 186,2294 205,2294 205,2275 233,2275 233,2274 260,2274 260,2272 273,2272 273,2274 299,2274 299,2219 276,2219 273,2216 269,2220 260,2220 260,2204 233,2204 233,2217 229,2221 208,2221 206,2219 206,2197 232,2197 235,2200 239,2196 271,2196 271,2194 294,2194 294,2195 313,2195 313,2196 339,2196 339,2160 342,2160 342,2168 353,2168 353,2156 346,2156 342,2152 339,2152 339,2139 321,2139 321,2135 313,2135 294,2135 294,2137 290,2141 271,2141 271,2136 275,2132 303,2132 303,2122 339,2122 339,2052 303,2052 303,2049 300,2049 299,2048 298,2049 250,2049 250,2040 269,2040 273,2040 342,2040 342,2043 387,2043 387,2039 402,2039 404,2039 422,2039 422,2042 411,2042 411,2057 407,2061 396,2061 396,2047 353,2047 353,2129 392,2129 392,2136 374,2136 374,2194 440,2194 440,2192 465,2192 469,2192 496,2192 496,2193 537,2193 537,2192 567,2192 567,2139 569,2137 578,2137 578,2126 567,2126 567,2131 563,2135 538,2135 537,2134 537,2128 496,2128 496,2134 492,2138 469,2138 469,2137 468,2137 465,2134 462,2137 442,2137 438,2133 435,2136 400,2136 400,2129 396,2125 396,2117 411,2117 411,2118 440,2118 440,2117 461,2117 461,2040 447,2040 447,2013 426,2013 426,1983 404,1983 402,1981 398,1985 388,1985 387,1984 384,1981 381,1984 346,1984 346,1966 350,1962 360,1962 364,1966 368,1962 400,1962 402,1962 427,1962 431,1966 435,1962 463,1962 463,1905 427,1905 427,1907 404,1907 402,1905 402,1898 361,1898 361,1899 333,1899 333,1905 269,1905 269,1982 266,1984 264,1982 260,1986 252,1986 248,1982 245,1985 209,1985 206,1982 202,1986 201,1986 201,1966 210,1966 214,1970 218,1966 251,1966 251,1900 211,1900 211,1910 201,1910 201,1896 199,1896 195,1892 195,1891 224,1891 224,1889 261,1889 264,1892 268,1888 301,1888 301,1887 327,1887 331,1887 348,1887 351,1890 355,1886 373,1886 373,1823 345,1823 345,1831 331,1831 327,1827 323,1831 304,1831 302,1830 305,1827 313,1827 313,1811 354,1811 354,1810 383,1810 383,1808 406,1808 406,1814 398,1814 398,1896 499,1896 499,1882 517,1882 517,1889 513,1893 514,1894 514,1905 485,1905 485,1961 514,1961 518,1965 522,1961 535,1961 540,1961 583,1961 583,1903 540,1903 540,1897 553,1897 553,1882 578,1882 582,1882 614,1882 614,1888 598,1888 598,1978 670,1978 670,1956 695,1956 695,1958 719,1958 719,1956 758,1956 758,1955 783,1955 783,1956 829,1956 829,1908 833,1908 833,1948 865,1948 865,1904 837,1904 833,1900 829,1900 829,1898 785,1898 783,1896 779,1900 760,1900 758,1898 758,1891 721,1891 719,1889 719,1888 718,1888 717,1887 716,1888 695,1888 695,1898 691,1902 672,1902 670,1900 670,1888 653,1888 653,1887 649,1883 649,1845 631,1845 631,1887 645,1887 645,1888 622,1888 622,1882 618,1878 618,1823 622,1819 657,1819 657,1804 722,1804 722,1802 758,1802 758,1807 728,1807 728,1824 717,1824 717,1808 685,1808 685,1880 717,1880 717,1879 730,1879 732,1881 736,1877 768,1877 770,1877 796,1877 801,1877 828,1877 828,1887 869,1887 869,1875 910,1875 910,1874 947,1874 947,1879 943,1883 882,1883 882,1957 957,1957 957,1951 982,1951 985,1951 1019,1951 1022,1954 1026,1950 1041,1950 1041,1963 1106,1963 1106,1948 1135,1948 1135,1946 1164,1946 1164,1893 1136,1893 1135,1892 1135,1884 1108,1884 1106,1882 1106,1879 1043,1879 1041,1877 1037,1881 1019,1881 1019,1885 993,1885 993,1873 1020,1873 1020,1814 1024,1810 1038,1810 1038,1872 1081,1872 1081,1869 1107,1869 1111,1873 1115,1869 1124,1869 1124,1878 1178,1878 1178,1868 1206,1868 1206,1867 1232,1867 1232,1873 1230,1873 1226,1877 1191,1877 1191,1956 1187,1960 1186,1972 1186,1972 1180,1972 1180,1983 1190,1983 1190,1976 1194,1972 1195,1960 1195,1960 1230,1960 1230,1947 1243,1947 1243,1961 1285,1961 1285,1944 1297,1944 1309,1944 1329,1944 1329,1888 1309,1888 1301,1888 1297,1884 1293,1888 1286,1888 1285,1887 1285,1881 1243,1881 1243,1885 1239,1889 1230,1889 1230,1881 1232,1881 1236,1877 1292,1877 1292,1864 1315,1864 1315,1866 1340,1866 1343,1869 1347,1865 1359,1865 1359,1872 1363,1876 1363,1956 1382,1956 1382,1982 1386,1986 1386,1992 1397,1992 1397,1982 1390,1982 1390,1956 1406,1956 1406,1943 1422,1943 1422,1944 1451,1944 1451,1943 1474,1943 1474,1873 1485,1873 1485,1864 1520,1864 1520,1873 1519,1874 1519,1883 1491,1883 1491,1949 1488,1950 1473,1973 1473,1975 1466,1975 1466,1986 1476,1986 1476,1978 1479,1977 1494,1954 1494,1952 1523,1952 1523,1887 1527,1883 1527,1874 1564,1874 1564,1808 1568,1804 1582,1804 1582,1863 1624,1863 1624,1862 1646,1862 1646,1870 1639,1870 1639,1882 1635,1886 1607,1886 1603,1882 1599,1886 1556,1886 1556,1942 1603,1942 1604,1942 1639,1942 1639,1955 1708,1955 1708,1870 1654,1870 1654,1862 1679,1862 1679,1856 1709,1856 1709,1819 1713,1815 1716,1815 1719,1818 1747,1818 1747,1832 1760,1832 1760,1814 1751,1814 1747,1810 1719,1810 1719,1801 1704,1801 1704,1803 1679,1803 1679,1802 1677,1802 1675,1800 1681,1800 1681,1798 1716,1798 1716,1723 1707,1723 1707,1660 1708,1660 1768,1652 1771,1648 1771,1648 1771,1650 1786,1650 1786,1639 1778,1639 1778,1638 1774,1638 1771,1635 1768,1638 1767,1638 1767,1639 1767,1644 1766,1644 1706,1652 1703,1656 1677,1656 1677,1649 1648,1649 1648,1651 1634,1651 1632,1651 1628,1647 1624,1651 1593,1651 1590,1648 1586,1652 1573,1652 1568,1652 1564,1648 1560,1652 1553,1652 1553,1650 1547,1650 1545,1648 1543,1650 1541,1648 1537,1652 1522,1652 1521,1651 1518,1648 1515,1651 1477,1651 1475,1649 1471,1653 1461,1653 1461,1639 1442,1639 1442,1629 1469,1629 1469,1630 1492,1630 1492,1641 1559,1641 1562,1644 1566,1640 1624,1640 1624,1628 1649,1628 1649,1638 1675,1638 1675,1618 1680,1618 1680,1623 1705,1623 1705,1587 1695,1587 1695,1576 1678,1576 1679,1575 1675,1571 1675,1540 1656,1540 1656,1575 1654,1575 1654,1562 1627,1562 1624,1559 1624,1557 1559,1557 1559,1558 1493,1558 1492,1557 1488,1561 1469,1561 1469,1571 1465,1575 1444,1575 1442,1573 1442,1566 1401,1566 1401,1571 1397,1575 1366,1575 1366,1567 1333,1567 1333,1633 1360,1633 1366,1633 1401,1633 1401,1641 1395,1641 1391,1645 1355,1645 1355,1654 1330,1654 1327,1651 1327,1648 1290,1648 1290,1636 1288,1634 1317,1634 1317,1578 1287,1578 1284,1575 1284,1568 1267,1568 1267,1583 1264,1583 1263,1582 1263,1573 1222,1573 1222,1641 1263,1641 1263,1636 1282,1636 1282,1648 1286,1652 1286,1712 1327,1712 1327,1710 1354,1710 1358,1714 1362,1710 1395,1710 1395,1649 1401,1649 1401,1650 1417,1650 1417,1719 1461,1719 1461,1707 1475,1707 1475,1727 1493,1727 1493,1728 1464,1728 1460,1724 1456,1728 1436,1728 1435,1727 1435,1720 1393,1720 1393,1727 1358,1727 1358,1797 1397,1797 1397,1790 1401,1786 1435,1786 1435,1784 1460,1784 1460,1785 1497,1785 1497,1732 1501,1728 1501,1727 1521,1727 1521,1707 1550,1707 1550,1706 1573,1706 1573,1704 1590,1704 1590,1716 1634,1716 1634,1705 1648,1705 1654,1705 1658,1709 1662,1705 1672,1705 1672,1723 1672,1725 1653,1725 1653,1724 1652,1724 1649,1721 1646,1724 1607,1724 1605,1722 1601,1726 1565,1726 1563,1724 1559,1728 1519,1728 1519,1784 1563,1784 1563,1793 1520,1793 1520,1803 1516,1807 1486,1807 1485,1806 1485,1797 1442,1797 1442,1867 1442,1868 1441,1867 1440,1868 1422,1868 1422,1883 1418,1887 1406,1887 1406,1873 1407,1873 1407,1832 1381,1832 1381,1868 1377,1872 1367,1872 1367,1865 1363,1861 1363,1807 1337,1807 1337,1801 1333,1797 1333,1751 1314,1751 1314,1801 1329,1801 1329,1807 1331,1809 1319,1809 1315,1805 1311,1809 1303,1809 1303,1725 1273,1725 1273,1730 1269,1734 1260,1734 1256,1730 1252,1734 1232,1734 1230,1732 1230,1727 1190,1727 1190,1733 1186,1737 1175,1737 1172,1737 1168,1733 1164,1737 1153,1737 1152,1737 1148,1733 1144,1737 1129,1737 1129,1733 1133,1729 1178,1729 1178,1714 1207,1714 1207,1711 1230,1711 1230,1713 1265,1713 1265,1659 1234,1659 1230,1655 1226,1659 1208,1659 1207,1658 1207,1651 1179,1651 1178,1650 1178,1647 1175,1647 1134,1647 1134,1638 1157,1638 1161,1642 1165,1638 1205,1638 1205,1581 1158,1581 1158,1583 1134,1583 1130,1579 1126,1583 1092,1583 1092,1578 1062,1578 1062,1580 1058,1584 1020,1584 1020,1642 1016,1646 998,1646 998,1575 969,1575 965,1571 965,1569 952,1569 952,1575 934,1575 934,1578 908,1578 908,1653 902,1653 902,1674 898,1678 894,1674 891,1674 891,1660 855,1660 855,1657 893,1657 893,1577 849,1577 849,1589 845,1593 835,1593 832,1593 828,1589 824,1593 812,1593 811,1592 808,1589 805,1592 789,1592 786,1589 782,1593 744,1593 744,1649 793,1649 793,1647 808,1647 808,1649 835,1649 835,1648 849,1648 849,1655 847,1657 847,1660 851,1664 851,1666 847,1670 836,1670 831,1670 827,1666 823,1670 815,1670 811,1666 807,1670 796,1670 796,1669 790,1669 787,1666 784,1669 768,1669 768,1724 787,1724 787,1727 814,1727 814,1723 827,1723 836,1723 851,1723 853,1723 891,1723 891,1682 894,1682 894,1693 902,1693 902,1737 956,1737 956,1742 915,1742 915,1744 901,1744 897,1744 893,1740 889,1744 873,1744 873,1798 893,1798 901,1798 917,1798 919,1800 923,1796 954,1796 958,1800 962,1796 996,1796 996,1733 968,1733 968,1719 992,1719 996,1723 1000,1719 1032,1719 1032,1732 1077,1732 1077,1721 1115,1721 1115,1725 1087,1725 1087,1735 1083,1739 1063,1739 1059,1735 1055,1739 1017,1739 1017,1808 989,1808 989,1813 985,1817 949,1817 947,1815 943,1819 910,1819 906,1815 902,1819 870,1819 869,1818 869,1804 828,1804 828,1817 824,1821 801,1821 800,1821 796,1817 792,1821 772,1821 770,1819 770,1817 774,1813 818,1813 818,1798 854,1798 854,1737 819,1737 818,1736 818,1731 758,1731 758,1743 754,1747 725,1747 721,1743 717,1747 659,1747 657,1745 657,1738 663,1738 663,1726 689,1726 685,1730 685,1741 689,1741 689,1743 718,1743 718,1729 722,1725 750,1725 750,1671 714,1671 714,1674 693,1674 693,1667 699,1667 699,1649 735,1649 735,1585 697,1585 697,1589 693,1593 655,1593 651,1597 615,1597 615,1598 592,1598 592,1593 630,1593 630,1586 645,1586 645,1556 630,1556 630,1509 634,1505 634,1504 644,1504 644,1449 648,1445 648,1433 653,1433 653,1393 628,1393 628,1433 640,1433 640,1445 600,1445 599,1445 595,1441 591,1445 572,1445 570,1445 566,1441 562,1445 543,1445 543,1446 528,1446 524,1442 520,1446 499,1446 499,1437 458,1437 458,1502 495,1502 499,1502 527,1502 527,1500 543,1500 549,1500 553,1504 557,1500 566,1500 566,1501 595,1501 595,1504 626,1504 626,1505 577,1505 577,1517 573,1521 562,1521 562,1510 519,1510 519,1587 547,1587 547,1593 543,1597 510,1597 510,1585 496,1585 496,1521 452,1521 452,1515 424,1515 421,1512 421,1506 382,1506 382,1503 381,1502 423,1502 423,1447 375,1447 374,1446 370,1450 342,1450 341,1449 344,1446 344,1441 373,1441 373,1433 417,1433 417,1371 373,1371 373,1361 422,1361 422,1340 423,1340 423,1346 432,1346 432,1359 464,1359 464,1290 432,1290 432,1332 428,1336 427,1336 423,1332 422,1332 422,1285 423,1285 427,1281 470,1281 470,1272 504,1272 504,1284 554,1284 555,1285 555,1289 551,1293 523,1293 523,1290 512,1290 511,1289 510,1290 493,1290 493,1348 511,1348 513,1348 513,1357 517,1361 517,1371 486,1371 486,1368 475,1368 474,1367 473,1368 455,1368 455,1425 474,1425 486,1425 517,1425 518,1425 522,1429 526,1425 547,1425 547,1424 572,1424 572,1426 614,1426 614,1361 572,1361 572,1367 568,1371 547,1371 547,1357 521,1357 521,1348 523,1348 555,1348 560,1348 585,1348 585,1281 559,1281 558,1280 558,1271 579,1271 579,1213 583,1209 606,1209 606,1202 620,1202 620,1201 624,1197 657,1197 663,1197 701,1197 701,1190 732,1190 732,1149 738,1149 738,1168 751,1168 751,1149 753,1149 753,1203 779,1203 779,1137 753,1137 753,1141 751,1141 747,1145 742,1145 738,1141 732,1141 732,1136 703,1136 701,1134 701,1122 734,1122 734,1104 752,1104 752,1112 777,1112 777,1125 842,1125 842,1039 777,1039 777,1040 773,1044 752,1044 752,1050 748,1054 737,1054 734,1051 734,1047 694,1047 694,1058 672,1058 668,1058 664,1054 662,1056 660,1054 657,1057 652,1057 652,1045 632,1045 632,1034 663,1034 665,1034 712,1034 714,1036 718,1032 785,1032 785,1036 837,1036 837,1030 874,1030 874,1027 911,1027 911,1026 933,1026 933,1043 953,1043 953,1045 925,1045 925,1038 899,1038 899,1042 862,1042 862,1112 899,1112 899,1113 873,1113 873,1128 869,1132 836,1132 836,1128 826,1128 806,1128 806,1187 826,1187 826,1193 827,1193 827,1196 813,1196 813,1192 803,1192 799,1196 803,1200 803,1203 803,1208 799,1212 777,1212 773,1208 769,1212 746,1212 746,1214 742,1218 741,1218 741,1231 746,1231 746,1265 777,1265 777,1264 803,1264 803,1265 826,1265 827,1265 827,1268 823,1268 823,1269 800,1269 800,1288 760,1288 760,1343 802,1343 805,1346 809,1342 823,1342 824,1342 828,1346 832,1342 850,1342 850,1340 876,1340 879,1343 883,1339 918,1339 918,1276 876,1276 876,1285 852,1285 850,1283 850,1268 835,1268 835,1265 850,1265 850,1263 865,1263 865,1269 913,1269 913,1263 937,1263 937,1271 968,1271 971,1274 975,1270 997,1270 998,1271 998,1343 994,1347 970,1347 966,1343 965,1343 965,1311 969,1307 969,1300 970,1300 970,1290 958,1290 958,1300 961,1300 961,1307 938,1307 938,1349 963,1349 965,1351 966,1351 966,1356 962,1360 936,1360 936,1362 926,1362 926,1345 892,1345 892,1347 865,1347 865,1418 892,1418 894,1418 898,1422 902,1418 926,1418 926,1417 941,1417 942,1418 946,1414 966,1414 966,1421 930,1421 930,1426 926,1430 909,1430 906,1427 906,1423 867,1423 867,1434 863,1438 844,1438 842,1436 838,1440 829,1440 829,1439 828,1439 825,1436 822,1439 795,1439 793,1437 789,1441 771,1441 771,1430 799,1430 799,1418 835,1418 835,1364 801,1364 799,1362 799,1350 748,1350 748,1369 725,1369 723,1367 723,1358 685,1358 685,1357 736,1357 736,1275 678,1275 678,1269 718,1269 718,1212 678,1212 677,1212 673,1208 669,1212 640,1212 640,1259 636,1263 629,1263 629,1274 640,1274 640,1298 646,1298 646,1347 673,1347 673,1357 677,1357 677,1358 678,1360 677,1361 668,1361 668,1373 681,1373 681,1425 718,1425 722,1429 722,1440 718,1444 684,1444 684,1451 680,1455 679,1455 679,1466 684,1466 684,1506 726,1506 726,1499 750,1499 750,1498 771,1498 771,1497 793,1497 793,1504 829,1504 829,1494 842,1494 842,1495 867,1495 867,1496 906,1496 906,1494 930,1494 930,1506 972,1506 972,1491 990,1491 990,1510 1035,1510 1035,1503 1039,1499 1082,1499 1082,1488 1110,1488 1110,1487 1152,1487 1152,1431 1110,1431 1110,1428 1114,1424 1143,1424 1143,1410 1166,1410 1166,1419 1187,1419 1187,1456 1178,1456 1174,1460 1166,1460 1166,1472 1178,1472 1178,1464 1187,1464 1187,1499 1270,1499 1270,1482 1289,1482 1295,1482 1334,1482 1334,1487 1391,1487 1391,1516 1385,1516 1385,1528 1397,1528 1397,1518 1399,1516 1399,1487 1395,1483 1395,1477 1418,1477 1423,1477 1467,1477 1467,1421 1423,1421 1422,1421 1418,1417 1414,1421 1395,1421 1395,1411 1399,1407 1399,1400 1412,1400 1412,1399 1447,1399 1447,1408 1513,1408 1513,1329 1497,1329 1493,1325 1493,1265 1462,1265 1454,1265 1417,1265 1415,1263 1411,1267 1370,1267 1370,1324 1415,1324 1415,1330 1444,1330 1447,1333 1447,1341 1443,1345 1415,1345 1412,1342 1412,1337 1372,1337 1372,1400 1391,1400 1391,1407 1338,1407 1335,1404 1335,1365 1317,1365 1317,1408 1299,1408 1299,1424 1295,1424 1295,1416 1270,1416 1270,1415 1268,1415 1265,1412 1262,1415 1229,1415 1229,1404 1245,1404 1245,1403 1256,1403 1256,1404 1288,1404 1288,1350 1266,1350 1266,1349 1259,1349 1256,1346 1253,1349 1242,1349 1240,1347 1236,1351 1229,1351 1229,1337 1166,1337 1166,1346 1162,1350 1143,1350 1143,1340 1131,1340 1131,1336 1154,1336 1154,1330 1181,1330 1181,1332 1208,1332 1208,1261 1181,1261 1181,1272 1177,1276 1157,1276 1154,1273 1154,1266 1143,1266 1143,1262 1139,1258 1139,1256 1178,1256 1178,1252 1204,1252 1208,1256 1212,1252 1240,1252 1240,1197 1236,1197 1236,1191 1232,1187 1232,1173 1272,1173 1276,1169 1300,1169 1300,1173 1288,1173 1288,1190 1284,1194 1261,1194 1261,1249 1288,1249 1288,1267 1268,1267 1268,1272 1229,1272 1229,1327 1268,1327 1274,1327 1278,1331 1282,1327 1298,1327 1298,1324 1315,1324 1315,1333 1352,1333 1352,1268 1332,1268 1332,1245 1358,1245 1362,1249 1366,1245 1404,1245 1404,1216 1414,1216 1414,1253 1442,1253 1442,1212 1418,1212 1414,1208 1404,1208 1404,1188 1358,1188 1358,1189 1336,1189 1332,1185 1332,1173 1308,1173 1308,1169 1304,1165 1304,1114 1267,1114 1267,1116 1232,1116 1228,1112 1224,1116 1186,1116 1186,1191 1228,1191 1228,1197 1204,1197 1204,1198 1181,1198 1178,1195 1178,1182 1138,1182 1135,1179 1135,1177 1166,1177 1166,1148 1176,1148 1176,1137 1167,1137 1166,1136 1166,1122 1134,1122 1131,1119 1127,1123 1095,1123 1091,1119 1087,1123 1028,1123 1028,1125 996,1125 996,1190 991,1190 991,1200 1002,1200 1004,1202 1008,1198 1030,1198 1030,1192 1034,1188 1093,1188 1093,1184 1132,1184 1134,1186 1134,1197 1130,1201 1095,1201 1095,1220 1080,1220 1076,1224 1070,1224 1070,1234 1080,1234 1080,1228 1095,1228 1095,1262 1135,1262 1135,1266 1128,1266 1128,1271 1124,1275 1085,1275 1085,1340 1093,1340 1097,1344 1097,1424 1082,1424 1082,1419 1078,1419 1074,1415 1074,1357 1037,1357 1035,1355 1031,1359 1015,1359 1013,1357 1013,1350 1042,1350 1042,1337 1062,1337 1062,1282 1042,1282 1042,1271 1046,1267 1046,1258 1052,1258 1052,1208 1028,1208 1028,1258 1038,1258 1038,1267 1013,1267 1013,1205 967,1205 967,1206 939,1206 937,1204 933,1208 915,1208 911,1204 907,1208 867,1208 865,1206 861,1210 850,1210 849,1210 845,1206 841,1210 831,1210 831,1200 835,1196 835,1193 867,1193 868,1194 868,1201 882,1201 882,1192 917,1192 917,1185 946,1185 947,1186 951,1182 977,1182 977,1127 945,1127 945,1128 917,1128 917,1113 907,1113 907,1112 905,1110 907,1108 919,1108 919,1112 957,1112 957,1049 961,1045 961,1043 978,1043 978,1106 989,1106 989,1118 1018,1118 1018,1108 1022,1104 1042,1104 1042,1099 1065,1099 1065,1104 1100,1104 1100,1099 1112,1099 1112,1100 1146,1100 1148,1102 1152,1098 1167,1098 1167,1097 1191,1097 1191,1094 1219,1094 1219,1032 1189,1032 1189,1039 1188,1040 1187,1039 1187,1020 1191,1016 1227,1016 1227,1028 1276,1028 1276,1009 1311,1009 1311,1033 1313,1033 1311,1035 1284,1035 1280,1031 1278,1033 1235,1033 1235,1092 1280,1092 1280,1090 1315,1090 1315,1099 1347,1099 1347,1105 1378,1105 1378,1112 1377,1111 1377,1108 1374,1108 1332,1108 1332,1167 1374,1167 1374,1168 1402,1168 1403,1169 1407,1165 1427,1165 1431,1169 1435,1165 1451,1165 1451,1193 1469,1193 1469,1249 1500,1249 1500,1241 1535,1241 1538,1244 1542,1240 1568,1240 1568,1239 1589,1239 1589,1263 1585,1259 1582,1262 1515,1262 1515,1319 1586,1319 1586,1317 1622,1317 1622,1322 1618,1326 1606,1326 1606,1325 1605,1325 1602,1322 1599,1325 1580,1325 1580,1341 1537,1341 1537,1419 1530,1419 1525,1419 1521,1415 1517,1419 1502,1419 1502,1478 1530,1478 1530,1474 1545,1474 1545,1475 1573,1475 1573,1474 1602,1474 1602,1487 1635,1487 1635,1477 1639,1473 1661,1473 1661,1481 1703,1481 1703,1409 1706,1406 1706,1403 1702,1399 1702,1361 1673,1361 1673,1403 1698,1403 1698,1406 1664,1406 1661,1403 1657,1407 1643,1407 1643,1393 1665,1393 1665,1340 1643,1340 1643,1332 1668,1332 1668,1319 1688,1319 1688,1300 1699,1300 1699,1276 1688,1276 1688,1265 1668,1265 1668,1258 1665,1258 1665,1257 1704,1257 1704,1170 1661,1170 1661,1179 1657,1183 1631,1183 1631,1237 1661,1237 1661,1253 1657,1257 1657,1258 1622,1258 1622,1259 1619,1262 1616,1259 1616,1169 1601,1169 1601,1161 1636,1161 1636,1168 1671,1168 1671,1163 1704,1163 1704,1107 1699,1107 1699,1026 1701,1026 1701,963 1703,965 1838,965 1838,971 1846,971 1845,972 1873,1044 1877,1046 1877,1055 1887,1055 1887,1043 1880,1043 1881,1042 1853,970 1849,968 1849,961 1842,961 1838,957 1703,957 1703,951 1701,951 1701,943 1671,943 1671,912 1591,912 1591,929 1587,933 1569,933 1568,932 1568,916 1515,916 1515,933 1511,937 1485,937 1485,919 1391,919 1391,1025 1422,1025 1422,1027 1418,1031 1408,1031 1397,1031 1381,1031 1378,1028 1374,1032 1366,1032 1366,939 1312,939 1311,938 1307,942 1277,942 1276,941 1276,940 1275,940 1273,938 1271,940 1227,940 1227,941 1223,945 1176,945 1176,949 1134,949 1134,930 1102,930 1102,1018 1128,1018 1134,1018 1171,1018 1171,1043 1167,1043 1167,1041 1165,1041 1163,1039 1161,1041 1137,1041 1137,1042 1114,1042 1112,1040 1108,1044 1102,1044 1098,1040 1094,1044 1068,1044 1065,1041 1061,1045 1042,1045 1042,1034 1015,1034 1015,1049 1006,1049 1006,1031 983,1031 983,1029 987,1025 1013,1025 1015,1027 1019,1023 1089,1023 1089,952 1014,952 1014,955 977,955 977,956 936,956 933,953 929,957 911,957 911,945 872,945 872,954 868,958 837,958 837,935 785,935 785,952 781,956 714,956 714,964 667,964 663,960 659,964 632,964 632,962 628,962 626,960 624,962 583,962 582,961 578,965 548,965 545,962 541,966 498,966 498,1050 548,1050 548,1035 582,1035 582,1045 577,1045 577,1057 550,1057 550,1056 482,1056 482,1106 478,1110 474,1110 474,1084 452,1084 451,1083 451,1059 422,1059 422,1050 423,1050 423,1048 472,1048 472,965 423,965 423,948 346,948 346,1037 261,1037 261,999 324,999 324,936 261,936 261,912 114,912 114,1123 110,1127 114,1131 114,1135 114,1236 211,1236"/>
            <pc:TextEquiv>
                <pc:Unicode></pc:Unicode>
            </pc:TextEquiv>
        </pc:TextRegion>
        <pc:TextRegion id="region0002" orientation="0.316441730431762" readingDirection="left-to-right" textLineOrder="top-to-bottom">
            <pc:Coords points="213,1238 215,1236 263,1236 263,1177 267,1173 346,1173 346,1054 350,1050 384,1050 388,1054 388,1115 418,1115 422,1115 448,1115 448,1124 456,1124 456,1126 390,1126 390,1182 379,1182 375,1186 369,1186 369,1197 366,1197 347,1219 347,1222 340,1222 340,1233 350,1233 350,1225 353,1225 372,1203 372,1200 379,1200 379,1190 390,1190 390,1222 400,1222 400,1271 423,1271 423,1277 422,1277 420,1279 369,1279 368,1278 364,1282 343,1282 343,1351 368,1351 368,1358 365,1361 365,1371 331,1371 330,1370 330,1356 281,1356 281,1351 279,1349 302,1349 302,1351 329,1351 329,1278 302,1278 302,1290 298,1294 277,1294 277,1287 277,1286 281,1282 277,1278 277,1277 265,1277 265,1282 248,1282 248,1292 205,1292 205,1351 248,1351 252,1355 256,1351 273,1351 273,1356 277,1360 277,1439 327,1439 327,1441 336,1441 336,1446 296,1446 296,1502 338,1502 338,1503 374,1503 374,1506 373,1506 373,1512 357,1512 357,1525 333,1525 332,1524 332,1511 309,1511 307,1509 307,1507 305,1507 265,1507 265,1512 259,1512 259,1434 247,1434 247,1385 249,1385 249,1401 260,1401 260,1381 253,1381 249,1377 247,1377 247,1372 234,1372 234,1359 180,1359 180,1360 168,1360 168,1354 190,1354 190,1296 168,1296 168,1283 125,1283 126,1281 125,1279 121,1278 121,1270 110,1270 110,1281 118,1281 117,1283 118,1285 122,1286 122,1365 131,1365 131,1434 162,1434 162,1431 185,1431 186,1432 190,1428 215,1428 215,1431 212,1434 215,1437 215,1440 216,1440 216,1446 212,1450 181,1450 181,1441 134,1441 134,1511 181,1511 181,1505 216,1505 216,1515 224,1515 225,1516 225,1523 221,1527 189,1527 189,1525 186,1525 184,1523 182,1525 139,1525 139,1587 189,1587 189,1583 225,1583 225,1590 227,1590 231,1594 231,1626 222,1626 218,1630 214,1630 214,1629 210,1625 210,1616 198,1616 195,1613 165,1613 161,1617 144,1617 144,1636 165,1636 165,1621 195,1621 195,1629 206,1629 206,1630 207,1631 207,1648 222,1648 222,1634 231,1634 231,1671 227,1675 226,1674 222,1678 194,1678 194,1679 152,1679 152,1745 149,1748 147,1745 120,1741 119,1741 119,1735 109,1735 109,1745 115,1745 118,1749 145,1753 146,1753 146,1816 182,1816 182,1814 212,1814 212,1813 233,1813 233,1812 252,1812 252,1755 225,1755 222,1752 218,1756 212,1756 212,1755 209,1755 206,1752 203,1755 182,1755 182,1752 201,1752 201,1740 205,1736 230,1736 230,1735 254,1735 254,1734 273,1734 273,1678 254,1678 247,1678 244,1675 290,1675 290,1742 268,1742 268,1823 260,1823 260,1832 224,1832 224,1827 195,1827 195,1822 153,1822 153,1896 148,1896 148,2000 144,2004 146,2006 145,2007 147,2009 147,2014 148,2014 148,2058 157,2058 157,2065 169,2065 169,2058 201,2058 201,2043 206,2043 206,2054 237,2054 237,2125 229,2125 229,2143 207,2143 206,2142 206,2141 205,2141 203,2139 201,2141 157,2141 157,2208 153,2212 157,2216 157,2220 157,2288 154,2288 154,2357 182,2357 182,2355 203,2355 203,2354 219,2354 219,2367 215,2371 215,2377 198,2377 195,2374 195,2369 151,2369 151,2438 195,2438 195,2436 227,2436 227,2433 255,2433 258,2436 262,2432 283,2432 286,2435 290,2431 317,2431 317,2398 325,2398 325,2444 337,2444 337,2445 304,2445 304,2443 302,2443 300,2441 298,2443 236,2443 236,2515 233,2518 233,2523 237,2527 237,2534 233,2538 214,2538 214,2537 213,2537 210,2534 207,2537 187,2537 183,2533 180,2536 140,2536 140,2597 185,2597 185,2594 214,2594 214,2592 237,2592 237,2606 275,2606 275,2593 301,2593 305,2593 331,2593 331,2592 364,2592 364,2535 333,2535 329,2531 325,2535 305,2535 305,2527 278,2527 275,2524 275,2523 274,2523 241,2523 241,2518 304,2518 304,2512 341,2512 341,2449 345,2445 345,2444 345,2394 329,2394 325,2390 317,2390 317,2376 281,2376 281,2377 254,2377 254,2379 227,2379 227,2377 224,2377 223,2376 223,2371 264,2371 264,2354 288,2354 288,2351 312,2351 312,2353 335,2353 335,2366 368,2366 368,2434 364,2438 368,2442 368,2511 398,2511 398,2516 440,2516 440,2514 444,2510 483,2510 483,2452 438,2452 438,2453 403,2453 403,2441 408,2441 408,2435 432,2435 433,2436 437,2432 454,2432 459,2432 480,2432 480,2442 505,2442 505,2433 543,2433 543,2431 605,2431 605,2437 589,2437 589,2449 585,2453 573,2453 571,2453 567,2449 563,2453 552,2453 552,2452 551,2452 548,2449 545,2452 504,2452 504,2511 552,2511 552,2510 573,2510 573,2509 589,2509 589,2511 585,2515 562,2515 562,2529 558,2533 538,2533 534,2529 531,2532 494,2532 491,2529 487,2533 464,2533 460,2529 456,2533 428,2533 426,2531 426,2530 425,2530 424,2529 423,2530 382,2530 382,2590 424,2590 424,2597 464,2597 464,2590 491,2590 495,2590 536,2590 536,2588 562,2588 562,2603 602,2603 602,2592 671,2592 671,2589 695,2589 699,2589 731,2589 731,2532 697,2532 695,2530 691,2534 673,2534 671,2532 669,2530 667,2532 606,2532 602,2528 602,2521 658,2521 658,2517 664,2517 664,2524 676,2524 676,2517 679,2517 680,2516 713,2516 713,2510 738,2510 741,2513 745,2509 758,2509 763,2509 805,2509 809,2505 831,2505 831,2506 867,2506 867,2520 842,2520 842,2525 838,2529 817,2529 815,2527 811,2531 803,2531 802,2531 798,2527 794,2531 755,2531 755,2589 803,2589 803,2586 815,2586 824,2586 842,2586 881,2586 881,2520 875,2520 875,2506 871,2502 871,2440 831,2440 831,2445 827,2449 803,2449 803,2450 763,2450 763,2438 737,2438 737,2451 713,2451 713,2436 679,2436 679,2509 676,2509 672,2513 668,2513 664,2509 658,2509 658,2437 632,2437 632,2435 671,2435 671,2429 698,2429 698,2430 733,2430 733,2428 767,2428 771,2428 807,2428 810,2431 814,2427 849,2427 852,2430 856,2426 876,2426 882,2426 895,2426 895,2434 898,2437 898,2517 954,2517 954,2507 962,2507 962,2519 990,2519 990,2525 985,2525 984,2524 980,2528 968,2528 961,2528 957,2524 953,2528 946,2528 946,2527 944,2527 941,2524 938,2527 901,2527 901,2586 946,2586 946,2583 957,2583 968,2583 984,2583 984,2603 1029,2603 1029,2584 1054,2584 1054,2596 1108,2596 1110,2598 1114,2594 1148,2594 1148,2582 1179,2582 1179,2581 1192,2581 1201,2581 1221,2581 1221,2580 1247,2580 1247,2581 1284,2581 1284,2528 1308,2528 1308,2596 1381,2596 1381,2576 1408,2576 1408,2581 1434,2581 1434,2576 1471,2576 1471,2510 1434,2510 1434,2505 1412,2505 1408,2501 1408,2500 1474,2500 1474,2518 1501,2518 1501,2499 1519,2499 1519,2505 1583,2505 1584,2508 1587,2510 1589,2510 1589,2513 1585,2517 1552,2517 1552,2509 1511,2509 1511,2573 1504,2573 1504,2583 1515,2583 1515,2579 1519,2575 1540,2575 1540,2585 1595,2585 1595,2578 1625,2578 1625,2572 1644,2572 1644,2576 1686,2576 1686,2578 1722,2578 1722,2520 1693,2520 1693,2516 1686,2516 1651,2516 1651,2507 1655,2503 1666,2503 1666,2505 1717,2505 1717,2440 1736,2440 1736,2447 1744,2447 1744,2449 1761,2478 1764,2479 1764,2488 1775,2488 1775,2480 1798,2480 1800,2478 1816,2478 1816,2474 1874,2474 1878,2470 1886,2470 1886,2456 1880,2456 1880,2397 1876,2393 1876,2381 1864,2381 1864,2397 1872,2397 1872,2456 1874,2458 1874,2466 1816,2466 1816,2465 1798,2465 1798,2472 1775,2472 1771,2476 1767,2476 1767,2474 1750,2445 1747,2444 1747,2439 1750,2438 1784,2378 1784,2376 1792,2376 1792,2366 1781,2366 1781,2373 1778,2374 1744,2434 1744,2436 1740,2436 1736,2432 1717,2432 1715,2434 1673,2434 1673,2422 1646,2422 1646,2432 1642,2436 1615,2436 1615,2462 1613,2462 1609,2466 1603,2466 1603,2477 1613,2477 1613,2470 1615,2470 1615,2491 1611,2495 1605,2495 1605,2507 1592,2507 1591,2504 1588,2502 1586,2502 1586,2422 1520,2422 1519,2421 1515,2425 1501,2425 1501,2423 1497,2423 1495,2421 1493,2423 1474,2423 1474,2434 1470,2438 1409,2438 1408,2437 1408,2422 1407,2422 1403,2418 1403,2415 1391,2415 1391,2422 1364,2422 1364,2434 1360,2438 1335,2438 1335,2440 1323,2440 1323,2426 1319,2422 1319,2415 1315,2415 1315,2410 1304,2410 1304,2415 1304,2421 1308,2421 1308,2426 1315,2426 1315,2440 1290,2440 1290,2498 1333,2498 1337,2502 1341,2498 1364,2498 1364,2506 1308,2506 1308,2520 1284,2520 1280,2524 1251,2524 1247,2520 1243,2524 1224,2524 1220,2520 1216,2524 1194,2524 1192,2522 1188,2526 1179,2526 1179,2525 1177,2525 1174,2522 1171,2525 1152,2525 1148,2521 1148,2513 1152,2509 1152,2504 1186,2504 1186,2501 1212,2501 1212,2502 1234,2502 1238,2502 1262,2502 1262,2428 1235,2428 1234,2427 1230,2431 1212,2431 1212,2439 1208,2443 1192,2443 1192,2417 1188,2413 1188,2406 1178,2406 1178,2417 1184,2417 1184,2443 1183,2443 1182,2442 1178,2446 1148,2446 1148,2441 1118,2441 1118,2462 1117,2463 1117,2459 1107,2459 1107,2471 1114,2471 1114,2477 1118,2477 1118,2503 1136,2503 1136,2504 1144,2504 1144,2509 1107,2509 1107,2512 1089,2512 1085,2508 1085,2471 1057,2471 1057,2512 1054,2512 1054,2522 1050,2526 1030,2526 1029,2525 1026,2522 1023,2525 998,2525 998,2519 994,2515 994,2504 1037,2504 1037,2445 992,2445 990,2443 986,2447 978,2447 978,2446 965,2446 962,2443 959,2446 954,2446 954,2434 903,2434 903,2426 899,2422 899,2404 882,2404 882,2358 850,2358 850,2369 807,2369 807,2370 769,2370 767,2368 763,2372 733,2372 733,2357 698,2357 698,2368 694,2372 674,2372 671,2369 671,2356 656,2356 656,2351 693,2351 693,2349 719,2349 722,2352 726,2348 736,2348 740,2348 744,2352 748,2348 765,2348 765,2291 736,2291 736,2292 719,2292 719,2293 696,2293 693,2290 693,2283 669,2283 669,2281 704,2281 704,2271 727,2271 727,2283 771,2283 771,2268 801,2268 801,2210 773,2210 771,2208 771,2198 731,2198 730,2197 730,2196 729,2196 727,2194 725,2196 701,2196 701,2190 739,2190 739,2189 764,2189 769,2189 791,2189 791,2198 862,2198 862,2196 899,2196 899,2203 904,2203 905,2204 905,2205 901,2209 861,2209 861,2210 821,2210 821,2229 818,2232 814,2232 811,2229 808,2232 805,2232 805,2244 811,2244 818,2244 821,2244 821,2268 847,2268 847,2279 851,2283 851,2285 847,2289 830,2289 826,2285 822,2289 804,2289 801,2286 797,2290 783,2290 783,2346 801,2346 801,2347 828,2347 828,2346 853,2346 858,2346 873,2346 882,2346 897,2346 897,2347 929,2347 929,2346 971,2346 971,2316 978,2316 978,2357 1005,2357 1005,2312 982,2312 978,2308 971,2308 971,2288 928,2288 925,2285 921,2289 901,2289 897,2285 893,2289 882,2289 877,2289 873,2285 869,2289 861,2289 861,2279 855,2279 855,2268 864,2268 866,2270 870,2266 907,2266 907,2265 945,2265 945,2204 953,2204 953,2265 990,2265 992,2265 1022,2265 1022,2264 1044,2264 1044,2263 1059,2263 1067,2263 1089,2263 1089,2210 1096,2210 1096,2268 1104,2268 1104,2275 1108,2279 1108,2282 1104,2286 1084,2286 1082,2284 1082,2276 1040,2276 1040,2353 1037,2354 1029,2366 1029,2368 1020,2368 1020,2378 1032,2378 1032,2371 1035,2370 1043,2358 1043,2356 1078,2356 1078,2356 1082,2394 1086,2398 1086,2406 1097,2406 1097,2394 1090,2394 1090,2394 1086,2356 1082,2352 1082,2343 1108,2343 1108,2344 1149,2344 1149,2275 1112,2275 1112,2268 1160,2268 1160,2260 1187,2260 1187,2262 1210,2262 1210,2265 1206,2269 1173,2269 1173,2358 1258,2358 1258,2342 1291,2342 1291,2354 1338,2354 1338,2341 1386,2341 1386,2303 1396,2303 1396,2350 1425,2350 1425,2299 1400,2299 1396,2295 1386,2295 1386,2268 1338,2268 1338,2267 1334,2267 1331,2264 1328,2267 1291,2267 1291,2280 1287,2284 1260,2284 1258,2282 1258,2271 1261,2271 1261,2262 1297,2262 1299,2264 1303,2260 1323,2260 1327,2260 1353,2260 1353,2261 1377,2261 1377,2258 1405,2258 1405,2261 1443,2261 1443,2268 1470,2268 1470,2225 1447,2225 1446,2224 1446,2193 1412,2193 1412,2180 1436,2180 1436,2189 1476,2189 1476,2274 1538,2274 1538,2275 1534,2279 1494,2279 1494,2281 1484,2281 1484,2280 1475,2280 1472,2277 1469,2280 1452,2280 1452,2338 1484,2338 1484,2337 1494,2337 1499,2337 1503,2341 1507,2337 1543,2337 1543,2336 1580,2336 1580,2270 1549,2270 1549,2257 1581,2257 1586,2257 1614,2257 1614,2265 1655,2265 1655,2272 1685,2272 1685,2276 1647,2276 1646,2276 1642,2272 1638,2276 1601,2276 1601,2347 1612,2347 1612,2381 1616,2385 1616,2391 1626,2391 1626,2381 1620,2381 1620,2347 1647,2347 1647,2343 1691,2343 1691,2332 1695,2328 1719,2328 1719,2268 1691,2268 1691,2266 1716,2266 1716,2262 1728,2262 1728,2248 1718,2248 1716,2246 1716,2215 1723,2215 1723,2223 1733,2223 1733,2214 1735,2215 1759,2204 1760,2200 1764,2200 1764,2231 1766,2233 1766,2243 1776,2243 1777,2247 1789,2252 1791,2251 1791,2260 1801,2260 1801,2252 1840,2252 1847,2252 1848,2255 1861,2265 1863,2265 1863,2274 1874,2274 1874,2262 1866,2262 1865,2259 1852,2249 1850,2249 1850,2244 1853,2243 1865,2224 1865,2222 1872,2222 1874,2226 1900,2231 1901,2230 1901,2239 1912,2239 1912,2227 1904,2227 1902,2223 1876,2218 1875,2219 1875,2209 1874,2209 1874,2180 1904,2180 1904,2186 1913,2186 1913,2176 1908,2176 1904,2172 1870,2172 1870,2166 1857,2166 1857,2178 1866,2178 1866,2209 1862,2209 1862,2219 1859,2220 1847,2239 1847,2241 1840,2241 1840,2244 1801,2244 1797,2248 1794,2248 1793,2244 1781,2239 1779,2240 1779,2231 1772,2231 1772,2200 1768,2196 1768,2192 1770,2192 1793,2179 1794,2176 1801,2176 1801,2164 1791,2164 1791,2173 1789,2173 1766,2186 1765,2189 1757,2189 1757,2197 1755,2196 1731,2207 1730,2211 1727,2211 1723,2207 1716,2207 1716,2195 1690,2195 1687,2192 1683,2196 1656,2196 1655,2195 1651,2199 1618,2199 1614,2195 1610,2199 1586,2199 1585,2199 1581,2195 1577,2199 1551,2199 1549,2197 1549,2184 1483,2184 1483,2177 1492,2177 1492,2180 1544,2180 1544,2120 1495,2120 1492,2117 1488,2121 1483,2121 1483,2105 1436,2105 1436,2117 1432,2121 1410,2121 1407,2118 1403,2122 1371,2122 1369,2120 1369,2115 1373,2111 1400,2111 1400,2100 1441,2100 1442,2101 1446,2097 1479,2097 1479,2098 1513,2098 1513,2101 1551,2101 1551,2043 1559,2043 1559,2099 1602,2099 1605,2102 1609,2098 1644,2098 1644,2105 1651,2105 1650,2106 1578,2106 1578,2183 1656,2183 1656,2175 1678,2175 1678,2182 1714,2182 1714,2107 1687,2107 1684,2107 1684,2106 1716,2106 1716,2078 1764,2078 1764,2086 1775,2086 1775,2074 1768,2074 1764,2070 1716,2070 1716,2044 1687,2044 1687,2029 1672,2029 1672,2027 1668,2023 1668,2017 1657,2017 1657,2027 1664,2027 1664,2029 1644,2029 1644,2034 1640,2038 1599,2038 1599,2039 1563,2039 1559,2035 1551,2035 1548,2038 1516,2038 1513,2035 1509,2039 1483,2039 1481,2037 1481,2036 1480,2036 1479,2035 1478,2036 1437,2036 1437,2043 1401,2043 1400,2042 1400,2031 1358,2031 1358,2109 1310,2109 1310,2100 1341,2100 1341,2043 1310,2043 1310,2032 1288,2032 1284,2028 1282,2028 1281,2029 1271,2029 1271,2040 1282,2040 1282,2036 1284,2036 1284,2044 1263,2044 1261,2042 1257,2046 1240,2046 1240,2101 1261,2101 1261,2111 1278,2111 1281,2114 1281,2194 1292,2194 1296,2198 1296,2203 1263,2203 1261,2201 1261,2189 1223,2189 1223,2183 1220,2180 1247,2180 1247,2125 1219,2125 1219,2113 1216,2113 1216,2105 1212,2101 1212,2037 1199,2037 1195,2033 1195,2029 1183,2029 1183,2037 1170,2037 1170,2043 1166,2047 1143,2047 1143,2103 1170,2103 1170,2105 1208,2105 1208,2113 1191,2113 1190,2112 1186,2116 1153,2116 1153,2183 1190,2183 1194,2183 1215,2183 1215,2189 1210,2189 1206,2193 1187,2193 1187,2201 1183,2205 1161,2205 1160,2204 1160,2192 1128,2192 1128,2184 1124,2180 1124,2127 1092,2127 1092,2116 1071,2116 1071,2115 1121,2115 1121,2034 1057,2034 1056,2033 1052,2037 1033,2037 1033,2107 1056,2107 1056,2115 1063,2115 1063,2116 1067,2120 1067,2123 1063,2127 1049,2127 1043,2127 1039,2123 1035,2127 1001,2127 1001,2186 1039,2186 1049,2186 1071,2186 1071,2183 1088,2183 1088,2184 1120,2184 1120,2192 1096,2192 1096,2202 1089,2202 1085,2206 1062,2206 1059,2203 1055,2207 1044,2207 1042,2207 1038,2203 1034,2207 1023,2207 1019,2203 1015,2207 994,2207 992,2205 992,2200 957,2200 953,2196 945,2196 941,2200 940,2200 940,2187 965,2187 965,2116 943,2116 944,2115 970,2115 970,2112 974,2108 986,2108 990,2112 994,2108 1013,2108 1013,2036 997,2036 997,2024 993,2020 993,2017 996,2017 1011,2003 1011,2000 1025,2000 1025,1985 1008,1985 1008,1997 1005,1997 990,2011 990,2014 983,2014 983,2024 989,2024 989,2036 987,2036 987,2038 965,2038 965,2050 939,2050 938,2049 935,2046 932,2049 872,2049 872,2109 935,2109 935,2113 899,2113 899,2126 895,2130 862,2130 860,2130 856,2126 852,2130 793,2130 791,2128 787,2132 769,2132 769,2127 779,2127 779,2114 783,2110 822,2110 822,2080 830,2080 830,2118 857,2118 857,2076 834,2076 830,2072 822,2072 822,2052 774,2052 774,2053 739,2053 739,2042 686,2042 686,2118 665,2118 665,2047 620,2047 620,2052 616,2056 595,2056 595,2058 559,2058 558,2057 558,2046 528,2046 528,2054 524,2058 507,2058 506,2057 506,2043 471,2043 471,2117 506,2117 506,2114 528,2114 528,2117 558,2117 558,2114 595,2114 597,2116 601,2112 620,2112 620,2121 650,2121 651,2122 651,2205 626,2205 626,2214 610,2214 610,2205 606,2201 606,2155 595,2155 595,2146 583,2146 583,2154 582,2155 583,2156 583,2158 585,2158 586,2159 586,2205 602,2205 602,2211 598,2215 590,2215 590,2214 587,2214 584,2211 581,2214 547,2214 543,2210 539,2214 517,2214 517,2203 442,2203 442,2278 517,2278 517,2271 543,2271 546,2271 590,2271 590,2270 602,2270 602,2271 626,2271 630,2275 634,2271 665,2271 665,2277 661,2281 661,2283 652,2283 652,2347 648,2351 648,2356 628,2356 628,2431 624,2435 624,2437 613,2437 613,2431 609,2427 609,2367 545,2367 543,2365 543,2363 546,2360 546,2351 575,2351 579,2355 583,2351 599,2351 602,2354 606,2350 621,2350 621,2293 591,2293 591,2294 576,2294 576,2295 545,2295 542,2292 542,2291 541,2291 499,2291 499,2351 538,2351 538,2360 505,2360 501,2360 497,2356 493,2360 480,2360 480,2362 476,2366 457,2366 454,2363 450,2367 427,2367 427,2374 408,2374 408,2361 396,2361 396,2352 423,2352 423,2353 468,2353 468,2295 427,2295 423,2291 419,2295 398,2295 396,2293 396,2281 396,2275 431,2275 431,2208 392,2208 392,2213 388,2217 353,2217 349,2213 345,2217 332,2217 329,2214 325,2218 308,2218 308,2274 337,2274 337,2273 349,2273 349,2274 389,2274 388,2275 388,2281 337,2281 335,2279 331,2283 312,2283 312,2293 308,2297 289,2297 288,2296 288,2282 262,2282 262,2292 258,2296 220,2296 219,2295 215,2299 197,2299 195,2297 191,2301 184,2301 182,2299 182,2298 186,2294 205,2294 205,2275 233,2275 233,2274 260,2274 260,2272 273,2272 273,2274 299,2274 299,2219 276,2219 273,2216 269,2220 260,2220 260,2204 233,2204 233,2217 229,2221 208,2221 206,2219 206,2197 232,2197 235,2200 239,2196 271,2196 271,2194 294,2194 294,2195 313,2195 313,2196 339,2196 339,2160 342,2160 342,2168 353,2168 353,2156 346,2156 342,2152 339,2152 339,2139 321,2139 321,2135 313,2135 294,2135 294,2137 290,2141 271,2141 271,2136 275,2132 303,2132 303,2122 339,2122 339,2052 303,2052 303,2049 300,2049 299,2048 298,2049 250,2049 250,2040 269,2040 273,2040 342,2040 342,2043 387,2043 387,2039 402,2039 404,2039 422,2039 422,2042 411,2042 411,2057 407,2061 396,2061 396,2047 353,2047 353,2129 392,2129 392,2136 374,2136 374,2194 440,2194 440,2192 465,2192 469,2192 496,2192 496,2193 537,2193 537,2192 567,2192 567,2139 569,2137 578,2137 578,2126 567,2126 567,2131 563,2135 538,2135 537,2134 537,2128 496,2128 496,2134 492,2138 469,2138 469,2137 468,2137 465,2134 462,2137 442,2137 438,2133 435,2136 400,2136 400,2129 396,2125 396,2117 411,2117 411,2118 440,2118 440,2117 461,2117 461,2040 447,2040 447,2013 426,2013 426,1983 404,1983 402,1981 398,1985 388,1985 387,1984 384,1981 381,1984 346,1984 346,1966 350,1962 360,1962 364,1966 368,1962 400,1962 402,1962 427,1962 431,1966 435,1962 463,1962 463,1905 427,1905 427,1907 404,1907 402,1905 402,1898 361,1898 361,1899 333,1899 333,1905 269,1905 269,1982 266,1984 264,1982 260,1986 252,1986 248,1982 245,1985 209,1985 206,1982 202,1986 201,1986 201,1966 210,1966 214,1970 218,1966 251,1966 251,1900 211,1900 211,1910 201,1910 201,1896 199,1896 195,1892 195,1891 224,1891 224,1889 261,1889 264,1892 268,1888 301,1888 301,1887 327,1887 331,1887 348,1887 351,1890 355,1886 373,1886 373,1823 345,1823 345,1831 331,1831 327,1827 323,1831 304,1831 302,1830 305,1827 313,1827 313,1811 354,1811 354,1810 383,1810 383,1808 406,1808 406,1814 398,1814 398,1896 499,1896 499,1882 517,1882 517,1889 513,1893 514,1894 514,1905 485,1905 485,1961 514,1961 518,1965 522,1961 535,1961 540,1961 583,1961 583,1903 540,1903 540,1897 553,1897 553,1882 578,1882 582,1882 614,1882 614,1888 598,1888 598,1978 670,1978 670,1956 695,1956 695,1958 719,1958 719,1956 758,1956 758,1955 783,1955 783,1956 829,1956 829,1908 833,1908 833,1948 865,1948 865,1904 837,1904 833,1900 829,1900 829,1898 785,1898 783,1896 779,1900 760,1900 758,1898 758,1891 721,1891 719,1889 719,1888 718,1888 717,1887 716,1888 695,1888 695,1898 691,1902 672,1902 670,1900 670,1888 653,1888 653,1887 649,1883 649,1845 631,1845 631,1887 645,1887 645,1888 622,1888 622,1882 618,1878 618,1823 622,1819 657,1819 657,1804 722,1804 722,1802 758,1802 758,1807 728,1807 728,1824 717,1824 717,1808 685,1808 685,1880 717,1880 717,1879 730,1879 732,1881 736,1877 768,1877 770,1877 796,1877 801,1877 828,1877 828,1887 869,1887 869,1875 910,1875 910,1874 947,1874 947,1879 943,1883 882,1883 882,1957 957,1957 957,1951 982,1951 985,1951 1019,1951 1022,1954 1026,1950 1041,1950 1041,1963 1106,1963 1106,1948 1135,1948 1135,1946 1164,1946 1164,1893 1136,1893 1135,1892 1135,1884 1108,1884 1106,1882 1106,1879 1043,1879 1041,1877 1037,1881 1019,1881 1019,1885 993,1885 993,1873 1020,1873 1020,1814 1024,1810 1038,1810 1038,1872 1081,1872 1081,1869 1107,1869 1111,1873 1115,1869 1124,1869 1124,1878 1178,1878 1178,1868 1206,1868 1206,1867 1232,1867 1232,1873 1230,1873 1226,1877 1191,1877 1191,1956 1187,1960 1186,1972 1186,1972 1180,1972 1180,1983 1190,1983 1190,1976 1194,1972 1195,1960 1195,1960 1230,1960 1230,1947 1243,1947 1243,1961 1285,1961 1285,1944 1297,1944 1309,1944 1329,1944 1329,1888 1309,1888 1301,1888 1297,1884 1293,1888 1286,1888 1285,1887 1285,1881 1243,1881 1243,1885 1239,1889 1230,1889 1230,1881 1232,1881 1236,1877 1292,1877 1292,1864 1315,1864 1315,1866 1340,1866 1343,1869 1347,1865 1359,1865 1359,1872 1363,1876 1363,1956 1382,1956 1382,1982 1386,1986 1386,1992 1397,1992 1397,1982 1390,1982 1390,1956 1406,1956 1406,1943 1422,1943 1422,1944 1451,1944 1451,1943 1474,1943 1474,1873 1485,1873 1485,1864 1520,1864 1520,1873 1519,1874 1519,1883 1491,1883 1491,1949 1488,1950 1473,1973 1473,1975 1466,1975 1466,1986 1476,1986 1476,1978 1479,1977 1494,1954 1494,1952 1523,1952 1523,1887 1527,1883 1527,1874 1564,1874 1564,1808 1568,1804 1582,1804 1582,1863 1624,1863 1624,1862 1646,1862 1646,1870 1639,1870 1639,1882 1635,1886 1607,1886 1603,1882 1599,1886 1556,1886 1556,1942 1603,1942 1604,1942 1639,1942 1639,1955 1708,1955 1708,1870 1654,1870 1654,1862 1679,1862 1679,1856 1709,1856 1709,1819 1713,1815 1716,1815 1719,1818 1747,1818 1747,1832 1760,1832 1760,1814 1751,1814 1747,1810 1719,1810 1719,1801 1704,1801 1704,1803 1679,1803 1679,1802 1677,1802 1675,1800 1681,1800 1681,1798 1716,1798 1716,1723 1707,1723 1707,1660 1708,1660 1768,1652 1771,1648 1771,1648 1771,1650 1786,1650 1786,1639 1778,1639 1778,1638 1774,1638 1771,1635 1768,1638 1767,1638 1767,1639 1767,1644 1766,1644 1706,1652 1703,1656 1677,1656 1677,1649 1648,1649 1648,1651 1634,1651 1632,1651 1628,1647 1624,1651 1593,1651 1590,1648 1586,1652 1573,1652 1568,1652 1564,1648 1560,1652 1553,1652 1553,1650 1547,1650 1545,1648 1543,1650 1541,1648 1537,1652 1522,1652 1521,1651 1518,1648 1515,1651 1477,1651 1475,1649 1471,1653 1461,1653 1461,1639 1442,1639 1442,1629 1469,1629 1469,1630 1492,1630 1492,1641 1559,1641 1562,1644 1566,1640 1624,1640 1624,1628 1649,1628 1649,1638 1675,1638 1675,1618 1680,1618 1680,1623 1705,1623 1705,1587 1695,1587 1695,1576 1678,1576 1679,1575 1675,1571 1675,1540 1656,1540 1656,1575 1654,1575 1654,1562 1627,1562 1624,1559 1624,1557 1559,1557 1559,1558 1493,1558 1492,1557 1488,1561 1469,1561 1469,1571 1465,1575 1444,1575 1442,1573 1442,1566 1401,1566 1401,1571 1397,1575 1366,1575 1366,1567 1333,1567 1333,1633 1360,1633 1366,1633 1401,1633 1401,1641 1395,1641 1391,1645 1355,1645 1355,1654 1330,1654 1327,1651 1327,1648 1290,1648 1290,1636 1288,1634 1317,1634 1317,1578 1287,1578 1284,1575 1284,1568 1267,1568 1267,1583 1264,1583 1263,1582 1263,1573 1222,1573 1222,1641 1263,1641 1263,1636 1282,1636 1282,1648 1286,1652 1286,1712 1327,1712 1327,1710 1354,1710 1358,1714 1362,1710 1395,1710 1395,1649 1401,1649 1401,1650 1417,1650 1417,1719 1461,1719 1461,1707 1475,1707 1475,1727 1493,1727 1493,1728 1464,1728 1460,1724 1456,1728 1436,1728 1435,1727 1435,1720 1393,1720 1393,1727 1358,1727 1358,1797 1397,1797 1397,1790 1401,1786 1435,1786 1435,1784 1460,1784 1460,1785 1497,1785 1497,1732 1501,1728 1501,1727 1521,1727 1521,1707 1550,1707 1550,1706 1573,1706 1573,1704 1590,1704 1590,1716 1634,1716 1634,1705 1648,1705 1654,1705 1658,1709 1662,1705 1672,1705 1672,1723 1672,1725 1653,1725 1653,1724 1652,1724 1649,1721 1646,1724 1607,1724 1605,1722 1601,1726 1565,1726 1563,1724 1559,1728 1519,1728 1519,1784 1563,1784 1563,1793 1520,1793 1520,1803 1516,1807 1486,1807 1485,1806 1485,1797 1442,1797 1442,1867 1442,1868 1441,1867 1440,1868 1422,1868 1422,1883 1418,1887 1406,1887 1406,1873 1407,1873 1407,1832 1381,1832 1381,1868 1377,1872 1367,1872 1367,1865 1363,1861 1363,1807 1337,1807 1337,1801 1333,1797 1333,1751 1314,1751 1314,1801 1329,1801 1329,1807 1331,1809 1319,1809 1315,1805 1311,1809 1303,1809 1303,1725 1273,1725 1273,1730 1269,1734 1260,1734 1256,1730 1252,1734 1232,1734 1230,1732 1230,1727 1190,1727 1190,1733 1186,1737 1175,1737 1172,1737 1168,1733 1164,1737 1153,1737 1152,1737 1148,1733 1144,1737 1129,1737 1129,1733 1133,1729 1178,1729 1178,1714 1207,1714 1207,1711 1230,1711 1230,1713 1265,1713 1265,1659 1234,1659 1230,1655 1226,1659 1208,1659 1207,1658 1207,1651 1179,1651 1178,1650 1178,1647 1175,1647 1134,1647 1134,1638 1157,1638 1161,1642 1165,1638 1205,1638 1205,1581 1158,1581 1158,1583 1134,1583 1130,1579 1126,1583 1092,1583 1092,1578 1062,1578 1062,1580 1058,1584 1020,1584 1020,1642 1016,1646 998,1646 998,1575 969,1575 965,1571 965,1569 952,1569 952,1575 934,1575 934,1578 908,1578 908,1653 902,1653 902,1674 898,1678 894,1674 891,1674 891,1660 855,1660 855,1657 893,1657 893,1577 849,1577 849,1589 845,1593 835,1593 832,1593 828,1589 824,1593 812,1593 811,1592 808,1589 805,1592 789,1592 786,1589 782,1593 744,1593 744,1649 793,1649 793,1647 808,1647 808,1649 835,1649 835,1648 849,1648 849,1655 847,1657 847,1660 851,1664 851,1666 847,1670 836,1670 831,1670 827,1666 823,1670 815,1670 811,1666 807,1670 796,1670 796,1669 790,1669 787,1666 784,1669 768,1669 768,1724 787,1724 787,1727 814,1727 814,1723 827,1723 836,1723 851,1723 853,1723 891,1723 891,1682 894,1682 894,1693 902,1693 902,1737 956,1737 956,1742 915,1742 915,1744 901,1744 897,1744 893,1740 889,1744 873,1744 873,1798 893,1798 901,1798 917,1798 919,1800 923,1796 954,1796 958,1800 962,1796 996,1796 996,1733 968,1733 968,1719 992,1719 996,1723 1000,1719 1032,1719 1032,1732 1077,1732 1077,1721 1115,1721 1115,1725 1087,1725 1087,1735 1083,1739 1063,1739 1059,1735 1055,1739 1017,1739 1017,1808 989,1808 989,1813 985,1817 949,1817 947,1815 943,1819 910,1819 906,1815 902,1819 870,1819 869,1818 869,1804 828,1804 828,1817 824,1821 801,1821 800,1821 796,1817 792,1821 772,1821 770,1819 770,1817 774,1813 818,1813 818,1798 854,1798 854,1737 819,1737 818,1736 818,1731 758,1731 758,1743 754,1747 725,1747 721,1743 717,1747 659,1747 657,1745 657,1738 663,1738 663,1726 689,1726 685,1730 685,1741 689,1741 689,1743 718,1743 718,1729 722,1725 750,1725 750,1671 714,1671 714,1674 693,1674 693,1667 699,1667 699,1649 735,1649 735,1585 697,1585 697,1589 693,1593 655,1593 651,1597 615,1597 615,1598 592,1598 592,1593 630,1593 630,1586 645,1586 645,1556 630,1556 630,1509 634,1505 634,1504 644,1504 644,1449 648,1445 648,1433 653,1433 653,1393 628,1393 628,1433 640,1433 640,1445 600,1445 599,1445 595,1441 591,1445 572,1445 570,1445 566,1441 562,1445 543,1445 543,1446 528,1446 524,1442 520,1446 499,1446 499,1437 458,1437 458,1502 495,1502 499,1502 527,1502 527,1500 543,1500 549,1500 553,1504 557,1500 566,1500 566,1501 595,1501 595,1504 626,1504 626,1505 577,1505 577,1517 573,1521 562,1521 562,1510 519,1510 519,1587 547,1587 547,1593 543,1597 510,1597 510,1585 496,1585 496,1521 452,1521 452,1515 424,1515 421,1512 421,1506 382,1506 382,1503 381,1502 423,1502 423,1447 375,1447 374,1446 370,1450 342,1450 341,1449 344,1446 344,1441 373,1441 373,1433 417,1433 417,1371 373,1371 373,1361 422,1361 422,1340 423,1340 423,1346 432,1346 432,1359 464,1359 464,1290 432,1290 432,1332 428,1336 427,1336 423,1332 422,1332 422,1285 423,1285 427,1281 470,1281 470,1272 504,1272 504,1284 554,1284 555,1285 555,1289 551,1293 523,1293 523,1290 512,1290 511,1289 510,1290 493,1290 493,1348 511,1348 513,1348 513,1357 517,1361 517,1371 486,1371 486,1368 475,1368 474,1367 473,1368 455,1368 455,1425 474,1425 486,1425 517,1425 518,1425 522,1429 526,1425 547,1425 547,1424 572,1424 572,1426 614,1426 614,1361 572,1361 572,1367 568,1371 547,1371 547,1357 521,1357 521,1348 523,1348 555,1348 560,1348 585,1348 585,1281 559,1281 558,1280 558,1271 579,1271 579,1213 583,1209 606,1209 606,1202 620,1202 620,1201 624,1197 657,1197 663,1197 701,1197 701,1190 732,1190 732,1149 738,1149 738,1168 751,1168 751,1149 753,1149 753,1203 779,1203 779,1137 753,1137 753,1141 751,1141 747,1145 742,1145 738,1141 732,1141 732,1136 703,1136 701,1134 701,1122 734,1122 734,1104 752,1104 752,1112 777,1112 777,1125 842,1125 842,1039 777,1039 777,1040 773,1044 752,1044 752,1050 748,1054 737,1054 734,1051 734,1047 694,1047 694,1058 672,1058 668,1058 664,1054 662,1056 660,1054 657,1057 652,1057 652,1045 632,1045 632,1034 663,1034 665,1034 712,1034 714,1036 718,1032 785,1032 785,1036 837,1036 837,1030 874,1030 874,1027 911,1027 911,1026 933,1026 933,1043 953,1043 953,1045 925,1045 925,1038 899,1038 899,1042 862,1042 862,1112 899,1112 899,1113 873,1113 873,1128 869,1132 836,1132 836,1128 826,1128 806,1128 806,1187 826,1187 826,1193 827,1193 827,1196 813,1196 813,1192 803,1192 799,1196 803,1200 803,1203 803,1208 799,1212 777,1212 773,1208 769,1212 746,1212 746,1214 742,1218 741,1218 741,1231 746,1231 746,1265 777,1265 777,1264 803,1264 803,1265 826,1265 827,1265 827,1268 823,1268 823,1269 800,1269 800,1288 760,1288 760,1343 802,1343 805,1346 809,1342 823,1342 824,1342 828,1346 832,1342 850,1342 850,1340 876,1340 879,1343 883,1339 918,1339 918,1276 876,1276 876,1285 852,1285 850,1283 850,1268 835,1268 835,1265 850,1265 850,1263 865,1263 865,1269 913,1269 913,1263 937,1263 937,1271 968,1271 971,1274 975,1270 997,1270 998,1271 998,1343 994,1347 970,1347 966,1343 965,1343 965,1311 969,1307 969,1300 970,1300 970,1290 958,1290 958,1300 961,1300 961,1307 938,1307 938,1349 963,1349 965,1351 966,1351 966,1356 962,1360 936,1360 936,1362 926,1362 926,1345 892,1345 892,1347 865,1347 865,1418 892,1418 894,1418 898,1422 902,1418 926,1418 926,1417 941,1417 942,1418 946,1414 966,1414 966,1421 930,1421 930,1426 926,1430 909,1430 906,1427 906,1423 867,1423 867,1434 863,1438 844,1438 842,1436 838,1440 829,1440 829,1439 828,1439 825,1436 822,1439 795,1439 793,1437 789,1441 771,1441 771,1430 799,1430 799,1418 835,1418 835,1364 801,1364 799,1362 799,1350 748,1350 748,1369 725,1369 723,1367 723,1358 685,1358 685,1357 736,1357 736,1275 678,1275 678,1269 718,1269 718,1212 678,1212 677,1212 673,1208 669,1212 640,1212 640,1259 636,1263 629,1263 629,1274 640,1274 640,1298 646,1298 646,1347 673,1347 673,1357 677,1357 677,1358 678,1360 677,1361 668,1361 668,1373 681,1373 681,1425 718,1425 722,1429 722,1440 718,1444 684,1444 684,1451 680,1455 679,1455 679,1466 684,1466 684,1506 726,1506 726,1499 750,1499 750,1498 771,1498 771,1497 793,1497 793,1504 829,1504 829,1494 842,1494 842,1495 867,1495 867,1496 906,1496 906,1494 930,1494 930,1506 972,1506 972,1491 990,1491 990,1510 1035,1510 1035,1503 1039,1499 1082,1499 1082,1488 1110,1488 1110,1487 1152,1487 1152,1431 1110,1431 1110,1428 1114,1424 1143,1424 1143,1410 1166,1410 1166,1419 1187,1419 1187,1456 1178,1456 1174,1460 1166,1460 1166,1472 1178,1472 1178,1464 1187,1464 1187,1499 1270,1499 1270,1482 1289,1482 1295,1482 1334,1482 1334,1487 1391,1487 1391,1516 1385,1516 1385,1528 1397,1528 1397,1518 1399,1516 1399,1487 1395,1483 1395,1477 1418,1477 1423,1477 1467,1477 1467,1421 1423,1421 1422,1421 1418,1417 1414,1421 1395,1421 1395,1411 1399,1407 1399,1400 1412,1400 1412,1399 1447,1399 1447,1408 1513,1408 1513,1329 1497,1329 1493,1325 1493,1265 1462,1265 1454,1265 1417,1265 1415,1263 1411,1267 1370,1267 1370,1324 1415,1324 1415,1330 1444,1330 1447,1333 1447,1341 1443,1345 1415,1345 1412,1342 1412,1337 1372,1337 1372,1400 1391,1400 1391,1407 1338,1407 1335,1404 1335,1365 1317,1365 1317,1408 1299,1408 1299,1424 1295,1424 1295,1416 1270,1416 1270,1415 1268,1415 1265,1412 1262,1415 1229,1415 1229,1404 1245,1404 1245,1403 1256,1403 1256,1404 1288,1404 1288,1350 1266,1350 1266,1349 1259,1349 1256,1346 1253,1349 1242,1349 1240,1347 1236,1351 1229,1351 1229,1337 1166,1337 1166,1346 1162,1350 1143,1350 1143,1340 1131,1340 1131,1336 1154,1336 1154,1330 1181,1330 1181,1332 1208,1332 1208,1261 1181,1261 1181,1272 1177,1276 1157,1276 1154,1273 1154,1266 1143,1266 1143,1262 1139,1258 1139,1256 1178,1256 1178,1252 1204,1252 1208,1256 1212,1252 1240,1252 1240,1197 1236,1197 1236,1191 1232,1187 1232,1173 1272,1173 1276,1169 1300,1169 1300,1173 1288,1173 1288,1190 1284,1194 1261,1194 1261,1249 1288,1249 1288,1267 1268,1267 1268,1272 1229,1272 1229,1327 1268,1327 1274,1327 1278,1331 1282,1327 1298,1327 1298,1324 1315,1324 1315,1333 1352,1333 1352,1268 1332,1268 1332,1245 1358,1245 1362,1249 1366,1245 1404,1245 1404,1216 1414,1216 1414,1253 1442,1253 1442,1212 1418,1212 1414,1208 1404,1208 1404,1188 1358,1188 1358,1189 1336,1189 1332,1185 1332,1173 1308,1173 1308,1169 1304,1165 1304,1114 1267,1114 1267,1116 1232,1116 1228,1112 1224,1116 1186,1116 1186,1191 1228,1191 1228,1197 1204,1197 1204,1198 1181,1198 1178,1195 1178,1182 1138,1182 1135,1179 1135,1177 1166,1177 1166,1148 1176,1148 1176,1137 1167,1137 1166,1136 1166,1122 1134,1122 1131,1119 1127,1123 1095,1123 1091,1119 1087,1123 1028,1123 1028,1125 996,1125 996,1190 991,1190 991,1200 1002,1200 1004,1202 1008,1198 1030,1198 1030,1192 1034,1188 1093,1188 1093,1184 1132,1184 1134,1186 1134,1197 1130,1201 1095,1201 1095,1220 1080,1220 1076,1224 1070,1224 1070,1234 1080,1234 1080,1228 1095,1228 1095,1262 1135,1262 1135,1266 1128,1266 1128,1271 1124,1275 1085,1275 1085,1340 1093,1340 1097,1344 1097,1424 1082,1424 1082,1419 1078,1419 1074,1415 1074,1357 1037,1357 1035,1355 1031,1359 1015,1359 1013,1357 1013,1350 1042,1350 1042,1337 1062,1337 1062,1282 1042,1282 1042,1271 1046,1267 1046,1258 1052,1258 1052,1208 1028,1208 1028,1258 1038,1258 1038,1267 1013,1267 1013,1205 967,1205 967,1206 939,1206 937,1204 933,1208 915,1208 911,1204 907,1208 867,1208 865,1206 861,1210 850,1210 849,1210 845,1206 841,1210 831,1210 831,1200 835,1196 835,1193 867,1193 868,1194 868,1201 882,1201 882,1192 917,1192 917,1185 946,1185 947,1186 951,1182 977,1182 977,1127 945,1127 945,1128 917,1128 917,1113 907,1113 907,1112 905,1110 907,1108 919,1108 919,1112 957,1112 957,1049 961,1045 961,1043 978,1043 978,1106 989,1106 989,1118 1018,1118 1018,1108 1022,1104 1042,1104 1042,1099 1065,1099 1065,1104 1100,1104 1100,1099 1112,1099 1112,1100 1146,1100 1148,1102 1152,1098 1167,1098 1167,1097 1191,1097 1191,1094 1219,1094 1219,1032 1189,1032 1189,1039 1188,1040 1187,1039 1187,1020 1191,1016 1227,1016 1227,1028 1276,1028 1276,1009 1311,1009 1311,1033 1313,1033 1311,1035 1284,1035 1280,1031 1278,1033 1235,1033 1235,1092 1280,1092 1280,1090 1315,1090 1315,1099 1347,1099 1347,1105 1378,1105 1378,1112 1377,1111 1377,1108 1374,1108 1332,1108 1332,1167 1374,1167 1374,1168 1402,1168 1403,1169 1407,1165 1427,1165 1431,1169 1435,1165 1451,1165 1451,1193 1469,1193 1469,1249 1500,1249 1500,1241 1535,1241 1538,1244 1542,1240 1568,1240 1568,1239 1589,1239 1589,1263 1585,1259 1582,1262 1515,1262 1515,1319 1586,1319 1586,1317 1622,1317 1622,1322 1618,1326 1606,1326 1606,1325 1605,1325 1602,1322 1599,1325 1580,1325 1580,1341 1537,1341 1537,1419 1530,1419 1525,1419 1521,1415 1517,1419 1502,1419 1502,1478 1530,1478 1530,1474 1545,1474 1545,1475 1573,1475 1573,1474 1602,1474 1602,1487 1635,1487 1635,1477 1639,1473 1661,1473 1661,1481 1703,1481 1703,1409 1706,1406 1706,1403 1702,1399 1702,1361 1673,1361 1673,1403 1698,1403 1698,1406 1664,1406 1661,1403 1657,1407 1643,1407 1643,1393 1665,1393 1665,1340 1643,1340 1643,1332 1668,1332 1668,1319 1688,1319 1688,1300 1699,1300 1699,1276 1688,1276 1688,1265 1668,1265 1668,1258 1665,1258 1665,1257 1704,1257 1704,1170 1661,1170 1661,1179 1657,1183 1631,1183 1631,1237 1661,1237 1661,1253 1657,1257 1657,1258 1622,1258 1622,1259 1619,1262 1616,1259 1616,1169 1601,1169 1601,1161 1636,1161 1636,1168 1671,1168 1671,1163 1704,1163 1704,1107 1699,1107 1699,1026 1701,1026 1701,963 1703,965 1838,965 1838,971 1846,971 1845,972 1873,1044 1877,1046 1877,1055 1887,1055 1887,1043 1880,1043 1881,1042 1853,970 1849,968 1849,961 1842,961 1838,957 1703,957 1703,951 1701,951 1701,943 1671,943 1671,912 1591,912 1591,929 1587,933 1569,933 1568,932 1568,916 1515,916 1515,933 1511,937 1485,937 1485,919 1391,919 1391,1025 1422,1025 1422,1027 1418,1031 1408,1031 1397,1031 1381,1031 1378,1028 1374,1032 1366,1032 1366,939 1312,939 1311,938 1307,942 1277,942 1276,941 1276,940 1275,940 1273,938 1271,940 1227,940 1227,941 1223,945 1176,945 1176,949 1134,949 1134,930 1102,930 1102,1018 1128,1018 1134,1018 1171,1018 1171,1043 1167,1043 1167,1041 1165,1041 1163,1039 1161,1041 1137,1041 1137,1042 1114,1042 1112,1040 1108,1044 1102,1044 1098,1040 1094,1044 1068,1044 1065,1041 1061,1045 1042,1045 1042,1034 1015,1034 1015,1049 1006,1049 1006,1031 983,1031 983,1029 987,1025 1013,1025 1015,1027 1019,1023 1089,1023 1089,952 1014,952 1014,955 977,955 977,956 936,956 933,953 929,957 911,957 911,945 872,945 872,954 868,958 837,958 837,935 785,935 785,952 781,956 714,956 714,964 667,964 663,960 659,964 632,964 632,962 628,962 626,960 624,962 583,962 582,961 578,965 548,965 545,962 541,966 498,966 498,1050 548,1050 548,1035 582,1035 582,1045 577,1045 577,1057 550,1057 550,1056 482,1056 482,1106 478,1110 474,1110 474,1084 452,1084 451,1083 451,1059 422,1059 422,1050 423,1050 423,1048 472,1048 472,965 423,965 423,948 346,948 346,1037 261,1037 261,999 324,999 324,936 261,936 261,912 114,912 114,1123 110,1127 114,1131 114,1135 114,1236 211,1236"/>
            <pc:TextLine id="region0002_line0000">
                <pc:Coords points="324,944 324,936 261,936 253,936 253,996 251,995 174,1037 173,1041 168,1041 167,1037 149,1028 147,1029 147,1019 135,1019 135,1032 144,1032 145,1036 163,1045 165,1044 165,1051 176,1051 176,1044 178,1045 255,1003 256,999 261,999 324,999 324,956 346,956 346,1037 346,1050 350,1050 384,1050 422,1050 423,1050 423,1048 472,1048 472,970 498,970 498,1050 548,1050 548,1039 548,1035 552,1035 582,1035 582,1045 582,1050 632,1050 632,1045 632,1034 663,1034 665,1034 712,1034 714,1036 718,1032 785,1032 785,1036 837,1036 837,1030 873,1030 874,1030 874,1027 878,1027 911,1027 911,1026 933,1026 933,1043 953,1043 961,1043 978,1043 983,1043 983,1031 983,1029 987,1025 1013,1025 1015,1025 1015,1023 1019,1023 1089,1023 1089,1022 1102,1022 1106,1018 1128,1018 1134,1018 1171,1018 1171,1043 1171,1046 1187,1046 1187,1039 1187,1020 1191,1016 1227,1016 1227,1028 1276,1028 1276,1009 1311,1009 1311,1033 1313,1033 1366,1033 1377,1033 1378,1032 1380,1033 1392,1029 1394,1025 1395,1025 1422,1025 1485,1025 1485,1004 1515,1004 1515,1005 1568,1005 1568,1004 1591,1004 1591,1032 1671,1032 1671,1026 1699,1026 1701,1026 1701,963 1703,965 1838,965 1838,971 1846,971 1849,971 1849,968 1849,961 1842,961 1838,957 1703,957 1703,951 1701,951 1701,943 1671,943 1671,912 1591,912 1591,929 1587,933 1569,933 1568,932 1568,916 1515,916 1515,933 1511,937 1486,937 1485,937 1485,936 1485,919 1391,919 1391,1021 1391,1022 1390,1021 1378,1025 1378,1026 1377,1025 1366,1025 1366,1021 1366,939 1312,939 1311,938 1307,942 1277,942 1276,941 1276,940 1275,940 1273,938 1271,940 1227,940 1227,941 1223,945 1176,945 1176,949 1134,949 1134,930 1102,930 1102,948 1102,956 1102,1014 1089,1014 1089,956 1089,952 1085,952 1015,952 1014,952 1014,955 1010,955 977,955 977,956 936,956 933,953 929,957 911,957 911,945 872,945 872,954 872,958 868,958 837,958 837,935 785,935 785,952 781,956 714,956 714,964 667,964 663,960 659,964 632,964 632,962 628,962 626,960 624,962 583,962 582,961 578,965 548,965 545,965 545,966 541,966 502,966 498,962 472,962 469,965 423,965 423,948 350,948 346,948 324,948"/>
                <pc:TextEquiv conf="0.987380743026733">
                    <pc:Unicode>Ey gegenwaͤrtigem langen Gedich⸗</pc:Unicode>
                </pc:TextEquiv>
            </pc:TextLine>
            <pc:TextLine id="region0002_line0001">
                <pc:Coords points="1877,1046 1877,1047 1877,1055 1887,1055 1887,1043 1881,1043 1880,1043 1880,1042 1877,1039 1875,1039 1871,1035 1699,1035 1699,1026 1699,1022 1665,1022 1665,1024 1661,1028 1643,1028 1643,1015 1601,1015 1601,1023 1593,1023 1589,1027 1564,1027 1564,1028 1551,1028 1547,1024 1543,1028 1522,1028 1518,1024 1514,1028 1478,1028 1475,1025 1471,1029 1451,1029 1449,1027 1449,1016 1422,1016 1422,1025 1422,1027 1418,1031 1408,1031 1401,1031 1397,1031 1393,1031 1381,1031 1378,1028 1374,1032 1366,1032 1349,1032 1347,1030 1343,1034 1318,1034 1315,1031 1313,1033 1311,1035 1284,1035 1280,1031 1278,1033 1239,1033 1235,1033 1235,1037 1235,1088 1219,1088 1219,1037 1219,1032 1216,1032 1189,1032 1189,1039 1188,1040 1185,1043 1171,1043 1167,1043 1167,1041 1165,1041 1163,1039 1161,1041 1140,1041 1137,1041 1137,1042 1133,1042 1114,1042 1112,1040 1108,1044 1102,1044 1098,1040 1094,1044 1068,1044 1065,1041 1061,1045 1042,1045 1042,1034 1015,1034 1015,1049 1006,1049 1006,1031 983,1031 978,1031 978,1043 978,1098 957,1098 957,1049 957,1045 953,1045 925,1045 925,1038 899,1038 899,1042 895,1042 866,1042 862,1042 862,1046 862,1108 842,1108 842,1046 842,1039 841,1039 777,1039 777,1040 773,1044 752,1044 752,1050 748,1054 737,1054 734,1051 734,1047 694,1047 694,1054 694,1058 690,1058 672,1058 668,1058 664,1054 662,1056 660,1054 657,1057 652,1057 652,1045 632,1045 624,1045 624,1056 620,1060 604,1060 603,1059 603,1045 582,1045 577,1045 577,1053 577,1057 573,1057 553,1057 550,1057 550,1056 546,1056 482,1056 482,1106 478,1110 474,1110 474,1084 452,1084 451,1083 451,1059 422,1059 422,1050 392,1050 388,1046 346,1046 346,1037 261,1037 255,1037 255,1080 218,1080 214,1084 208,1084 208,1094 218,1094 218,1088 255,1088 255,1173 267,1173 346,1173 346,1054 350,1050 384,1050 388,1054 388,1115 418,1115 422,1115 448,1115 448,1124 456,1124 474,1124 474,1121 482,1121 482,1116 549,1116 550,1116 577,1116 579,1116 603,1116 603,1112 624,1112 624,1126 652,1126 652,1122 665,1122 665,1112 694,1112 694,1122 701,1122 734,1122 734,1104 752,1104 752,1112 777,1112 777,1125 842,1125 842,1116 862,1116 866,1112 899,1112 903,1112 903,1108 907,1108 919,1108 919,1112 957,1112 957,1110 957,1106 978,1106 982,1106 989,1106 989,1118 1018,1118 1018,1108 1022,1104 1042,1104 1042,1099 1065,1099 1065,1104 1100,1104 1100,1099 1112,1099 1112,1100 1146,1100 1148,1100 1148,1098 1152,1098 1167,1098 1167,1097 1191,1097 1191,1094 1217,1094 1219,1096 1235,1096 1239,1092 1280,1092 1280,1090 1315,1090 1315,1099 1347,1099 1347,1105 1378,1105 1378,1112 1378,1116 1408,1116 1408,1087 1422,1087 1422,1093 1449,1093 1449,1085 1475,1085 1475,1105 1521,1105 1521,1086 1551,1086 1551,1083 1564,1083 1568,1083 1572,1087 1576,1083 1593,1083 1593,1031 1601,1031 1601,1093 1639,1093 1639,1096 1665,1096 1665,1111 1699,1111 1699,1107 1699,1047 1699,1043 1871,1043 1872,1042 1873,1044"/>
                <pc:TextEquiv conf="0.996557176113129">
                    <pc:Unicode>te, welches ich dir hiermit vorzulegen die</pc:Unicode>
                </pc:TextEquiv>
            </pc:TextLine>
            <pc:TextLine id="region0002_line0002">
                <pc:Coords points="835,1193 867,1193 868,1193 868,1194 868,1201 882,1201 882,1196 882,1192 886,1192 917,1192 917,1185 946,1185 947,1186 951,1182 974,1182 974,1182 975,1185 989,1193 991,1193 991,1193 991,1200 1002,1200 1004,1200 1004,1198 1008,1198 1030,1198 1030,1192 1030,1188 1034,1188 1093,1188 1093,1184 1132,1184 1135,1184 1135,1181 1136,1180 1135,1179 1135,1177 1139,1177 1166,1177 1166,1148 1176,1148 1176,1145 1186,1145 1186,1191 1228,1191 1232,1191 1232,1187 1232,1173 1272,1173 1276,1169 1300,1169 1302,1169 1304,1171 1306,1171 1308,1173 1332,1171 1336,1167 1336,1167 1374,1167 1374,1168 1402,1168 1403,1169 1407,1165 1427,1165 1431,1169 1435,1165 1451,1165 1451,1193 1469,1193 1484,1193 1484,1167 1488,1163 1524,1163 1524,1107 1555,1107 1555,1190 1601,1190 1601,1169 1601,1161 1636,1161 1636,1168 1671,1168 1671,1163 1704,1163 1704,1107 1699,1107 1671,1107 1671,1103 1665,1103 1638,1103 1636,1101 1632,1105 1603,1105 1601,1103 1599,1101 1597,1103 1559,1103 1555,1099 1524,1099 1524,1098 1482,1098 1482,1107 1456,1107 1456,1093 1427,1093 1427,1109 1399,1109 1399,1112 1378,1112 1377,1111 1377,1108 1374,1108 1332,1108 1332,1163 1332,1163 1332,1163 1308,1165 1306,1167 1304,1165 1304,1163 1304,1114 1267,1114 1267,1116 1232,1116 1228,1112 1224,1116 1186,1116 1186,1133 1186,1137 1176,1137 1172,1137 1167,1137 1166,1136 1166,1122 1134,1122 1131,1122 1131,1123 1127,1123 1095,1123 1091,1119 1087,1123 1030,1123 1028,1123 1028,1125 1024,1125 996,1125 996,1186 996,1190 994,1190 993,1187 979,1179 977,1179 977,1179 977,1127 945,1127 945,1128 917,1128 917,1113 907,1113 899,1113 873,1113 873,1128 873,1132 869,1132 836,1132 836,1128 826,1128 806,1128 806,1187 809,1187 809,1192 807,1192 803,1192 801,1194 799,1192 779,1192 779,1188 779,1137 753,1137 753,1141 751,1141 747,1145 742,1145 738,1141 732,1141 732,1136 703,1136 701,1134 701,1122 701,1120 657,1120 657,1136 618,1136 618,1137 606,1137 606,1119 577,1119 577,1136 573,1140 571,1140 567,1136 559,1136 528,1136 525,1133 521,1137 497,1137 493,1133 489,1137 483,1137 483,1120 456,1120 456,1124 456,1126 390,1126 390,1182 379,1182 375,1186 369,1186 369,1197 369,1200 372,1200 379,1200 379,1190 390,1190 390,1222 400,1222 459,1222 459,1199 463,1195 483,1195 483,1193 493,1193 493,1200 525,1200 525,1203 559,1203 559,1144 567,1144 567,1150 577,1150 577,1209 583,1209 606,1209 606,1202 620,1202 620,1201 624,1197 657,1197 659,1197 663,1197 667,1197 701,1197 701,1190 732,1190 732,1149 738,1149 738,1168 751,1168 751,1149 753,1149 753,1203 779,1203 779,1200 799,1200 803,1196 803,1200 803,1203 813,1203 813,1196 817,1192 817,1187 826,1187 826,1193 827,1193"/>
                <pc:TextEquiv conf="0.994683861732483">
                    <pc:Unicode>Ehre habe; waͤre zwar gar vieles vor⸗</pc:Unicode>
                </pc:TextEquiv>
            </pc:TextLine>
            <pc:TextLine id="region0002_line0003">
                <pc:Coords points="347,1222 346,1222 340,1222 340,1230 340,1230 338,1230 275,1274 274,1277 274,1277 268,1277 268,1277 268,1274 229,1233 224,1233 224,1233 221,1231 218,1231 218,1223 207,1223 207,1224 202,1224 202,1232 200,1231 192,1234 192,1234 187,1232 119,1266 118,1270 118,1270 110,1270 110,1281 118,1281 121,1281 121,1278 121,1273 121,1273 123,1274 190,1240 191,1236 205,1236 205,1235 210,1235 211,1236 213,1238 215,1236 224,1236 224,1239 262,1280 265,1280 265,1280 265,1282 265,1287 277,1287 277,1286 277,1280 278,1280 279,1280 342,1236 343,1233 343,1233 350,1233 350,1226 350,1225 353,1225 357,1220 359,1222 390,1222 400,1222 400,1226 400,1271 423,1271 423,1277 423,1281 427,1281 470,1281 470,1272 504,1272 504,1284 554,1284 558,1284 558,1280 558,1271 579,1271 579,1267 629,1267 629,1274 640,1274 640,1298 646,1298 678,1298 678,1275 678,1269 718,1269 718,1235 741,1235 745,1231 746,1231 746,1265 777,1265 777,1264 803,1264 803,1265 826,1265 827,1265 831,1265 835,1265 850,1265 850,1263 865,1263 865,1269 913,1269 913,1263 937,1263 937,1271 968,1271 971,1274 975,1270 997,1270 1013,1270 1013,1267 1013,1262 1028,1262 1032,1258 1038,1258 1046,1258 1052,1258 1052,1238 1070,1238 1074,1234 1080,1234 1080,1228 1095,1228 1095,1262 1135,1262 1139,1262 1139,1260 1140,1259 1139,1258 1139,1256 1143,1256 1178,1256 1178,1252 1204,1252 1208,1256 1212,1252 1239,1252 1240,1252 1240,1249 1261,1249 1265,1249 1288,1249 1288,1267 1288,1277 1332,1277 1332,1268 1332,1245 1358,1245 1362,1249 1366,1245 1404,1245 1404,1216 1414,1216 1414,1253 1442,1253 1469,1253 1473,1249 1500,1249 1500,1241 1535,1241 1538,1244 1542,1240 1568,1240 1568,1239 1589,1239 1589,1263 1589,1268 1616,1268 1616,1259 1616,1241 1631,1241 1635,1237 1661,1237 1661,1253 1661,1257 1665,1257 1704,1257 1704,1170 1661,1170 1661,1179 1657,1183 1635,1183 1631,1183 1631,1187 1631,1233 1616,1233 1616,1187 1616,1179 1616,1169 1601,1169 1589,1169 1589,1181 1585,1185 1569,1185 1568,1184 1565,1181 1562,1184 1536,1184 1536,1186 1500,1186 1500,1183 1491,1183 1490,1182 1489,1183 1469,1183 1469,1193 1469,1208 1469,1216 1469,1245 1442,1245 1442,1216 1442,1212 1438,1212 1418,1212 1414,1208 1404,1208 1404,1188 1358,1188 1358,1189 1336,1189 1332,1185 1332,1173 1308,1173 1300,1173 1288,1173 1288,1190 1284,1194 1261,1194 1261,1241 1240,1241 1240,1197 1236,1197 1228,1197 1204,1197 1204,1198 1181,1198 1178,1195 1178,1182 1138,1182 1134,1182 1134,1186 1134,1197 1134,1201 1130,1201 1095,1201 1095,1220 1080,1220 1076,1224 1074,1224 1070,1224 1070,1228 1070,1230 1052,1230 1052,1228 1052,1220 1052,1208 1032,1208 1028,1208 1028,1212 1028,1254 1013,1254 1013,1212 1013,1205 1012,1205 967,1205 967,1206 939,1206 937,1204 933,1208 915,1208 911,1204 907,1208 867,1208 865,1206 861,1210 850,1210 849,1210 845,1206 841,1210 831,1210 831,1200 831,1196 827,1196 813,1196 803,1196 803,1200 803,1203 803,1208 799,1212 777,1212 773,1208 769,1212 746,1212 746,1214 744,1216 742,1218 741,1218 741,1222 741,1227 718,1227 718,1222 718,1214 718,1212 678,1212 677,1212 673,1208 669,1212 640,1212 640,1259 636,1263 633,1263 629,1259 579,1259 579,1213 579,1203 558,1203 558,1200 552,1200 551,1199 550,1200 504,1200 504,1211 500,1215 470,1215 466,1211 462,1215 427,1215 426,1214 426,1201 400,1201 400,1218 394,1218 390,1214 359,1214 355,1218 350,1218 347,1221"/>
                <pc:TextEquiv conf="0.986876487731934">
                    <pc:Unicode>lauffi zu erinnern: aber eben, weil es</pc:Unicode>
                </pc:TextEquiv>
            </pc:TextLine>
            <pc:TextLine id="region0002_line0004">
                <pc:Coords points="585,1281 584,1281 559,1281 555,1281 555,1285 555,1289 555,1293 551,1293 523,1293 523,1290 512,1290 511,1289 510,1290 497,1290 493,1290 493,1294 493,1344 464,1344 464,1294 464,1290 460,1290 432,1290 432,1332 428,1336 427,1336 423,1332 422,1332 422,1285 422,1279 420,1279 369,1279 368,1278 364,1282 347,1282 343,1282 343,1286 343,1347 329,1347 329,1286 329,1278 302,1278 302,1290 298,1294 277,1294 277,1287 277,1286 277,1282 265,1282 248,1282 248,1292 205,1292 205,1296 190,1296 186,1296 168,1296 168,1283 125,1283 122,1283 122,1286 122,1365 131,1365 168,1365 168,1360 168,1354 190,1354 190,1304 205,1304 205,1351 248,1351 252,1355 256,1351 273,1351 277,1351 277,1349 279,1349 302,1349 302,1351 325,1351 329,1355 343,1355 347,1351 368,1351 368,1358 368,1361 373,1361 422,1361 422,1340 423,1340 423,1346 432,1346 432,1359 464,1359 464,1352 493,1352 497,1348 511,1348 513,1348 521,1348 523,1348 555,1348 556,1348 560,1348 564,1348 585,1348 585,1292 640,1292 644,1288 646,1288 646,1298 646,1347 673,1347 673,1357 677,1357 685,1357 736,1357 736,1347 760,1347 764,1343 802,1343 805,1346 809,1342 823,1342 824,1342 828,1346 832,1342 850,1342 850,1340 876,1340 879,1340 879,1339 883,1339 918,1339 918,1311 938,1311 938,1349 963,1349 965,1349 965,1343 965,1311 969,1307 969,1300 970,1300 970,1298 998,1298 998,1343 998,1350 1013,1350 1042,1350 1042,1337 1062,1337 1062,1290 1085,1290 1085,1340 1093,1340 1131,1340 1131,1336 1154,1336 1154,1330 1181,1330 1181,1332 1208,1332 1208,1331 1229,1331 1233,1327 1268,1327 1274,1327 1278,1331 1282,1327 1298,1327 1298,1324 1315,1324 1315,1333 1352,1333 1352,1328 1352,1324 1370,1324 1374,1324 1415,1324 1415,1330 1444,1330 1454,1330 1454,1350 1493,1350 1493,1325 1493,1323 1515,1323 1519,1319 1586,1319 1586,1317 1622,1317 1622,1322 1622,1332 1643,1332 1668,1332 1668,1319 1688,1319 1688,1300 1699,1300 1699,1276 1688,1276 1688,1265 1668,1265 1668,1258 1665,1258 1657,1258 1622,1258 1622,1259 1619,1262 1618,1263 1589,1263 1585,1259 1582,1262 1516,1262 1515,1262 1515,1269 1515,1315 1493,1315 1493,1269 1493,1265 1489,1265 1462,1265 1458,1265 1454,1265 1450,1265 1417,1265 1415,1263 1411,1267 1370,1267 1370,1316 1352,1316 1352,1268 1332,1268 1317,1268 1315,1266 1311,1270 1298,1270 1298,1267 1293,1267 1292,1266 1291,1267 1288,1267 1268,1267 1268,1272 1233,1272 1229,1272 1229,1276 1229,1323 1208,1323 1208,1276 1208,1268 1208,1261 1181,1261 1181,1272 1177,1276 1157,1276 1154,1273 1154,1266 1143,1266 1135,1266 1128,1266 1128,1271 1124,1275 1085,1275 1085,1278 1085,1282 1062,1282 1058,1282 1042,1282 1042,1271 1042,1267 1038,1267 1013,1267 998,1267 998,1271 998,1286 998,1290 970,1290 966,1290 958,1290 958,1300 961,1300 961,1307 942,1307 938,1303 918,1303 918,1276 876,1276 876,1281 876,1285 872,1285 852,1285 850,1283 850,1268 835,1268 827,1268 823,1268 823,1269 800,1269 800,1288 764,1288 760,1288 760,1292 760,1339 736,1339 736,1292 736,1284 736,1275 678,1275 673,1275 673,1280 669,1284 650,1284 646,1280 640,1280 640,1284 585,1284"/>
                <pc:TextEquiv conf="0.996285319328308">
                    <pc:Unicode>ſo viel iſt; wi ich alles, ſo viel mir nur mog</pc:Unicode>
                </pc:TextEquiv>
            </pc:TextLine>
            <pc:TextLine id="region0002_line0005">
                <pc:Coords points="650,1393 650,1393 632,1393 628,1389 614,1389 614,1361 572,1361 572,1367 568,1371 547,1371 547,1357 521,1357 517,1357 517,1361 517,1371 486,1371 486,1368 475,1368 474,1367 473,1368 455,1368 455,1417 417,1417 417,1371 373,1371 369,1367 365,1371 331,1371 330,1370 330,1356 281,1356 277,1356 277,1360 277,1377 277,1381 260,1381 256,1381 253,1381 249,1377 247,1377 247,1372 234,1372 234,1359 180,1359 180,1360 168,1360 162,1360 159,1360 155,1356 151,1360 131,1360 131,1365 131,1434 162,1434 162,1431 185,1431 186,1432 190,1428 215,1428 215,1431 215,1437 215,1440 216,1440 247,1440 247,1434 247,1385 249,1385 249,1401 260,1401 260,1389 277,1389 277,1439 327,1439 327,1441 336,1441 344,1441 373,1441 373,1433 417,1433 417,1429 417,1425 455,1425 459,1425 474,1425 486,1425 517,1425 518,1425 522,1429 526,1425 547,1425 547,1424 572,1424 572,1426 614,1426 614,1397 628,1397 628,1433 640,1433 648,1433 653,1433 653,1396 653,1396 656,1395 671,1375 671,1373 671,1373 681,1373 681,1425 718,1425 723,1425 723,1419 748,1419 748,1430 771,1430 799,1430 799,1418 831,1418 835,1422 865,1422 869,1418 892,1418 894,1418 898,1422 902,1418 926,1418 926,1417 941,1417 942,1418 946,1414 966,1414 966,1421 966,1427 1013,1427 1013,1411 1035,1411 1035,1419 1070,1419 1074,1423 1097,1423 1097,1424 1114,1424 1143,1424 1143,1410 1166,1410 1166,1419 1187,1419 1229,1419 1229,1415 1229,1404 1242,1404 1245,1404 1245,1403 1249,1403 1256,1403 1256,1404 1285,1404 1287,1408 1298,1412 1299,1411 1299,1424 1299,1431 1323,1431 1323,1418 1327,1414 1335,1414 1335,1404 1372,1404 1376,1400 1391,1400 1399,1400 1412,1400 1412,1399 1447,1399 1447,1408 1509,1408 1513,1412 1537,1412 1537,1419 1537,1423 1583,1423 1583,1400 1587,1396 1602,1396 1602,1415 1643,1415 1643,1407 1643,1393 1665,1393 1665,1365 1673,1365 1673,1403 1698,1403 1702,1403 1702,1399 1702,1361 1677,1361 1673,1357 1665,1357 1665,1340 1643,1340 1643,1332 1643,1326 1618,1326 1606,1326 1606,1325 1605,1325 1602,1322 1599,1325 1580,1325 1580,1341 1541,1341 1537,1341 1537,1345 1537,1404 1513,1404 1513,1345 1513,1337 1513,1329 1497,1329 1447,1329 1447,1333 1447,1341 1443,1345 1415,1345 1412,1342 1412,1337 1372,1337 1372,1361 1372,1369 1372,1396 1335,1396 1335,1369 1335,1365 1331,1365 1317,1365 1317,1408 1302,1408 1300,1404 1289,1400 1288,1401 1288,1350 1266,1350 1266,1349 1259,1349 1256,1346 1253,1349 1242,1349 1240,1349 1240,1351 1236,1351 1229,1351 1229,1337 1166,1337 1166,1346 1162,1350 1143,1350 1143,1340 1131,1340 1097,1340 1097,1344 1097,1353 1097,1361 1097,1415 1074,1415 1074,1361 1074,1357 1070,1357 1037,1357 1035,1355 1031,1359 1015,1359 1013,1357 1013,1350 1013,1347 994,1347 970,1347 966,1347 966,1351 966,1356 962,1360 936,1360 936,1362 926,1362 926,1345 892,1345 892,1347 865,1347 865,1360 865,1368 865,1414 835,1414 835,1368 835,1364 831,1364 801,1364 799,1362 799,1350 748,1350 748,1365 748,1369 744,1369 725,1369 723,1367 723,1358 685,1358 682,1358 681,1357 678,1360 677,1361 668,1361 668,1370 668,1370 665,1371 650,1391"/>
                <pc:TextEquiv conf="0.997923135757446">
                    <pc:Unicode>lich ſeyn wird, deſto kuͤrtzer faſſen doch alſo,</pc:Unicode>
                </pc:TextEquiv>
            </pc:TextLine>
            <pc:TextLine id="region0002_line0006">
                <pc:Coords points="296,1442 259,1442 259,1434 247,1434 216,1434 216,1440 216,1446 212,1450 181,1450 181,1441 134,1441 134,1511 181,1511 181,1505 216,1505 216,1515 224,1515 259,1515 259,1512 259,1450 296,1450 296,1502 338,1502 338,1503 374,1503 378,1503 378,1502 381,1502 423,1502 423,1455 458,1455 458,1502 495,1502 499,1502 527,1502 527,1500 543,1500 549,1500 553,1504 557,1500 566,1500 566,1501 595,1501 595,1504 626,1504 634,1504 644,1504 644,1470 679,1470 683,1466 684,1466 684,1506 726,1506 726,1503 726,1499 730,1499 750,1499 750,1498 771,1498 771,1497 793,1497 793,1504 829,1504 829,1494 842,1494 842,1495 867,1495 867,1496 906,1496 906,1494 930,1494 930,1506 972,1506 972,1491 990,1491 990,1510 1035,1510 1035,1503 1035,1499 1039,1499 1082,1499 1082,1488 1110,1488 1110,1487 1152,1487 1152,1476 1166,1476 1170,1472 1178,1472 1178,1464 1187,1464 1187,1499 1270,1499 1270,1482 1289,1482 1295,1482 1334,1482 1334,1487 1391,1487 1395,1487 1395,1483 1395,1477 1418,1477 1423,1477 1463,1477 1467,1481 1502,1481 1505,1478 1530,1478 1530,1474 1545,1474 1545,1475 1570,1475 1573,1475 1573,1474 1577,1474 1602,1474 1602,1487 1635,1487 1635,1477 1635,1473 1639,1473 1661,1473 1661,1481 1703,1481 1703,1409 1703,1406 1698,1406 1664,1406 1661,1403 1657,1407 1643,1407 1632,1407 1632,1414 1628,1418 1621,1418 1621,1404 1569,1404 1569,1421 1549,1421 1549,1419 1547,1419 1545,1417 1543,1419 1537,1419 1530,1419 1525,1419 1521,1415 1517,1419 1504,1419 1502,1419 1502,1425 1502,1473 1467,1473 1467,1425 1467,1421 1463,1421 1423,1421 1422,1421 1418,1417 1414,1421 1395,1421 1395,1411 1395,1407 1391,1407 1338,1407 1334,1407 1334,1420 1330,1424 1299,1424 1295,1424 1295,1416 1270,1416 1270,1415 1268,1415 1265,1412 1262,1415 1229,1415 1187,1415 1187,1419 1187,1456 1178,1456 1174,1460 1170,1460 1166,1460 1166,1464 1166,1468 1152,1468 1152,1464 1152,1456 1152,1431 1110,1431 1110,1428 1110,1424 1097,1424 1082,1424 1082,1419 1078,1419 1030,1419 1030,1429 1026,1433 994,1433 994,1424 972,1424 972,1421 969,1421 968,1420 967,1421 966,1421 930,1421 930,1426 926,1430 909,1430 906,1427 906,1423 867,1423 867,1434 863,1438 844,1438 842,1436 838,1440 829,1440 829,1439 828,1439 825,1436 822,1439 795,1439 793,1437 789,1441 771,1441 771,1430 771,1426 750,1426 750,1425 747,1425 744,1422 741,1425 722,1425 722,1429 722,1440 722,1444 718,1444 684,1444 684,1451 682,1454 682,1454 680,1455 679,1455 679,1459 679,1462 644,1462 644,1459 644,1451 644,1449 644,1445 640,1445 600,1445 599,1445 595,1441 591,1445 572,1445 570,1445 566,1441 562,1445 543,1445 543,1446 528,1446 524,1442 520,1446 499,1446 499,1437 458,1437 458,1443 458,1447 423,1447 419,1447 375,1447 374,1446 370,1450 342,1450 341,1449 340,1448 340,1446 338,1446 336,1446 300,1446"/>
                <pc:TextEquiv conf="0.996427178382874">
                    <pc:Unicode>daß von denen allernoͤthigſten Stucken mchts</pc:Unicode>
                </pc:TextEquiv>
            </pc:TextLine>
            <pc:TextLine id="region0002_line0007">
                <pc:Coords points="225,1512 225,1516 225,1523 221,1527 189,1527 189,1525 186,1525 184,1523 182,1525 139,1525 139,1587 189,1587 189,1583 225,1583 225,1590 227,1590 268,1590 268,1579 305,1579 305,1581 332,1581 332,1579 357,1579 359,1579 373,1579 382,1579 421,1579 421,1577 445,1577 445,1592 496,1592 496,1591 510,1591 519,1591 523,1587 547,1587 562,1587 562,1578 577,1578 577,1593 592,1593 630,1593 630,1586 645,1586 645,1577 952,1577 952,1580 965,1580 965,1575 967,1577 1267,1577 1267,1583 1267,1587 1284,1587 1284,1575 1284,1571 1285,1572 1386,1532 1388,1528 1393,1528 1393,1528 1397,1532 1656,1544 1656,1544 1656,1544 1656,1575 1656,1578 1675,1578 1675,1571 1675,1540 1660,1540 1660,1540 1656,1536 1397,1524 1397,1524 1397,1524 1397,1518 1397,1516 1391,1516 1385,1516 1385,1525 1384,1524 1283,1564 1281,1568 1270,1568 1267,1568 1267,1569 967,1569 965,1571 965,1569 961,1569 956,1569 952,1569 645,1569 645,1565 645,1556 630,1556 630,1509 630,1505 626,1505 577,1505 577,1517 573,1521 562,1521 562,1510 519,1510 519,1583 510,1583 508,1585 496,1585 496,1583 496,1521 452,1521 452,1515 424,1515 421,1512 421,1506 382,1506 374,1506 373,1506 373,1508 373,1512 369,1512 357,1512 357,1521 357,1525 353,1525 333,1525 332,1524 332,1511 309,1511 307,1509 307,1507 305,1507 265,1507 265,1508 265,1512 261,1512 259,1512"/>
                <pc:TextEquiv conf="0.995907306671143">
                    <pc:Unicode>außbleiben ſoll.</pc:Unicode>
                </pc:TextEquiv>
            </pc:TextLine>
            <pc:TextLine id="region0002_line0008">
                <pc:Coords points="938,1657 994,1657 998,1661 1020,1661 1022,1659 1065,1659 1065,1645 1090,1645 1090,1657 1134,1657 1134,1647 1134,1638 1157,1638 1158,1638 1161,1638 1165,1638 1205,1638 1205,1589 1222,1589 1222,1641 1263,1641 1263,1636 1282,1636 1286,1636 1286,1634 1288,1634 1314,1634 1317,1634 1317,1633 1333,1633 1337,1633 1360,1633 1366,1633 1401,1633 1401,1641 1401,1649 1401,1650 1417,1650 1442,1650 1442,1639 1442,1629 1469,1629 1469,1630 1492,1630 1492,1641 1559,1641 1562,1641 1562,1640 1566,1640 1624,1640 1624,1628 1649,1628 1649,1638 1675,1638 1675,1618 1680,1618 1680,1623 1702,1623 1704,1627 1766,1642 1767,1641 1767,1644 1767,1648 1771,1648 1771,1650 1786,1650 1786,1639 1778,1639 1778,1638 1774,1638 1771,1635 1769,1637 1768,1634 1706,1619 1705,1620 1705,1587 1695,1587 1695,1576 1678,1576 1675,1576 1675,1575 1672,1575 1669,1572 1666,1575 1656,1575 1654,1575 1654,1562 1627,1562 1624,1559 1624,1557 1562,1557 1559,1557 1559,1558 1555,1558 1493,1558 1492,1557 1488,1561 1469,1561 1469,1571 1465,1575 1444,1575 1442,1573 1442,1566 1401,1566 1401,1571 1397,1575 1366,1575 1366,1567 1333,1567 1333,1625 1317,1625 1317,1578 1287,1578 1283,1578 1283,1579 1279,1583 1267,1583 1264,1583 1263,1582 1263,1573 1222,1573 1222,1577 1222,1581 1205,1581 1201,1581 1160,1581 1158,1581 1158,1583 1154,1583 1134,1583 1130,1579 1126,1583 1094,1583 1092,1583 1092,1581 1092,1578 1062,1578 1062,1580 1058,1584 1024,1584 1020,1584 1020,1588 1020,1642 1020,1653 998,1653 998,1646 998,1588 998,1580 998,1575 969,1575 952,1575 935,1575 934,1575 934,1578 930,1578 912,1578 908,1578 908,1582 908,1653 893,1653 893,1582 893,1577 890,1577 849,1577 849,1589 845,1593 835,1593 832,1593 828,1589 824,1593 812,1593 811,1592 808,1589 805,1592 789,1592 786,1589 782,1593 748,1593 744,1593 744,1597 744,1645 735,1645 735,1597 735,1589 735,1585 697,1585 697,1589 697,1593 693,1593 655,1593 651,1597 618,1597 615,1597 615,1598 611,1598 592,1598 592,1593 592,1583 547,1583 547,1587 547,1593 543,1597 510,1597 510,1585 496,1585 445,1585 445,1653 442,1653 442,1601 426,1601 426,1583 379,1583 379,1585 375,1589 356,1589 356,1598 352,1602 333,1602 329,1598 327,1598 327,1588 307,1588 305,1586 301,1590 231,1590 231,1594 231,1626 222,1626 218,1630 214,1630 214,1629 210,1625 210,1616 198,1616 195,1613 165,1613 161,1617 144,1617 144,1636 165,1636 165,1621 195,1621 195,1629 206,1629 206,1630 207,1631 207,1648 222,1648 222,1634 231,1634 231,1671 231,1675 244,1675 290,1675 307,1675 307,1655 327,1655 327,1606 329,1606 329,1654 356,1654 356,1655 379,1655 379,1657 411,1657 411,1669 442,1669 442,1661 445,1661 449,1657 510,1657 510,1653 547,1653 547,1663 592,1663 592,1653 618,1653 618,1651 655,1651 655,1667 693,1667 699,1667 699,1653 699,1649 703,1649 731,1649 735,1653 744,1653 748,1649 793,1649 793,1647 808,1647 808,1649 835,1649 835,1648 849,1648 849,1655 849,1657 855,1657 889,1657 893,1661 908,1661 911,1658 938,1658"/>
                <pc:TextEquiv conf="0.98712545633316">
                    <pc:Unicode>Gleich Anfangs muß ich gegen die tadelſuchti⸗</pc:Unicode>
                </pc:TextEquiv>
            </pc:TextLine>
            <pc:TextLine id="region0002_line0009">
                <pc:Coords points="276,1675 290,1675 290,1682 290,1742 290,1753 391,1753 391,1731 423,1731 427,1731 458,1731 458,1730 486,1730 486,1723 506,1723 506,1748 582,1748 582,1728 600,1728 600,1738 657,1738 663,1738 663,1726 689,1726 685,1730 685,1741 689,1741 689,1743 718,1743 718,1729 718,1725 722,1725 747,1725 750,1725 750,1724 768,1724 772,1724 787,1724 787,1727 814,1727 814,1723 827,1723 836,1723 851,1723 853,1723 891,1723 891,1682 894,1682 894,1693 902,1693 902,1737 956,1737 968,1737 968,1733 968,1719 992,1719 996,1719 1000,1719 1032,1719 1032,1732 1077,1732 1077,1721 1115,1721 1115,1725 1115,1729 1133,1729 1178,1729 1178,1714 1207,1714 1207,1711 1230,1711 1230,1713 1262,1713 1265,1713 1265,1712 1286,1712 1290,1712 1327,1712 1327,1710 1354,1710 1358,1714 1362,1710 1395,1710 1395,1649 1401,1649 1417,1649 1417,1650 1417,1719 1461,1719 1461,1707 1475,1707 1475,1727 1493,1727 1501,1727 1521,1727 1521,1707 1550,1707 1550,1706 1573,1706 1573,1704 1590,1704 1590,1716 1634,1716 1634,1705 1648,1705 1654,1705 1658,1705 1662,1705 1672,1705 1672,1723 1672,1725 1672,1728 1707,1728 1707,1723 1707,1660 1707,1656 1703,1656 1677,1656 1677,1649 1650,1649 1648,1649 1648,1651 1644,1651 1634,1651 1632,1651 1628,1647 1624,1651 1593,1651 1590,1648 1586,1652 1573,1652 1568,1652 1564,1648 1560,1652 1553,1652 1553,1650 1547,1650 1545,1648 1543,1650 1541,1648 1537,1652 1522,1652 1521,1651 1518,1648 1515,1651 1477,1651 1475,1649 1471,1653 1461,1653 1461,1639 1442,1639 1417,1639 1417,1641 1401,1641 1395,1641 1391,1645 1355,1645 1355,1654 1330,1654 1327,1651 1327,1648 1290,1648 1286,1648 1286,1652 1286,1704 1265,1704 1265,1659 1234,1659 1230,1655 1226,1659 1208,1659 1207,1658 1207,1651 1179,1651 1178,1650 1178,1647 1175,1647 1134,1647 1115,1647 1115,1659 1111,1663 1078,1663 1074,1659 1070,1663 1036,1663 1035,1662 1035,1646 1016,1646 998,1646 992,1646 992,1662 988,1666 968,1666 968,1653 908,1653 902,1653 902,1674 898,1678 894,1674 891,1674 891,1660 855,1660 851,1660 851,1664 851,1666 847,1670 836,1670 831,1670 827,1666 823,1670 815,1670 811,1666 807,1670 796,1670 796,1669 790,1669 787,1666 784,1669 768,1669 768,1716 750,1716 750,1671 715,1671 714,1671 714,1674 710,1674 693,1674 693,1667 693,1664 665,1664 663,1662 663,1658 600,1658 596,1662 583,1662 582,1661 579,1658 576,1661 506,1661 506,1677 502,1681 486,1681 486,1666 454,1666 454,1673 450,1677 427,1677 423,1673 419,1677 393,1677 391,1675 391,1664 290,1664 290,1674 275,1674 272,1671 268,1675 268,1678 254,1678 247,1678 244,1675 243,1674 239,1678 230,1678 227,1675 226,1674 222,1678 197,1678 194,1678 194,1679 190,1679 152,1679 152,1731 152,1735 119,1735 115,1735 109,1735 109,1745 115,1745 119,1745 119,1743 152,1743 152,1745 152,1752 182,1752 201,1752 201,1740 201,1736 205,1736 230,1736 230,1735 254,1735 254,1734 273,1734 273,1682 273,1681 276,1678"/>
                <pc:TextEquiv conf="0.983332216739655">
                    <pc:Unicode>gen Wort⸗Richter und Erbpachter des ſogenan⸗</pc:Unicode>
                </pc:TextEquiv>
            </pc:TextLine>
            <pc:TextLine id="region0002_line0010">
                <pc:Coords points="1017,1810 1024,1810 1038,1810 1061,1810 1061,1801 1066,1801 1066,1793 1087,1793 1087,1805 1129,1805 1129,1792 1153,1792 1153,1791 1168,1791 1175,1791 1193,1791 1193,1790 1230,1790 1230,1787 1256,1787 1256,1800 1273,1800 1273,1811 1303,1811 1303,1809 1303,1805 1314,1805 1318,1801 1329,1801 1333,1801 1358,1801 1362,1797 1397,1797 1397,1790 1401,1786 1435,1786 1435,1784 1460,1784 1460,1785 1497,1785 1497,1732 1501,1728 1501,1727 1517,1727 1517,1728 1519,1730 1519,1732 1519,1784 1563,1784 1563,1793 1563,1804 1568,1804 1582,1804 1610,1804 1610,1801 1653,1801 1653,1800 1675,1800 1679,1800 1681,1800 1681,1798 1685,1798 1716,1798 1716,1723 1707,1723 1676,1723 1676,1725 1672,1725 1653,1725 1653,1724 1652,1724 1649,1721 1646,1724 1607,1724 1605,1722 1601,1726 1565,1726 1563,1724 1559,1728 1525,1728 1525,1727 1521,1723 1520,1724 1519,1724 1497,1724 1493,1728 1464,1728 1460,1724 1456,1728 1436,1728 1435,1727 1435,1720 1393,1720 1393,1727 1358,1727 1358,1747 1358,1755 1358,1793 1333,1793 1333,1755 1333,1751 1329,1751 1318,1751 1314,1751 1314,1755 1314,1797 1303,1797 1303,1755 1303,1747 1303,1725 1273,1725 1273,1730 1269,1734 1260,1734 1256,1730 1252,1734 1232,1734 1230,1732 1230,1727 1190,1727 1190,1733 1186,1737 1175,1737 1172,1737 1168,1733 1164,1737 1153,1737 1152,1737 1148,1733 1144,1737 1129,1737 1129,1733 1129,1725 1115,1725 1087,1725 1087,1735 1083,1739 1063,1739 1059,1735 1055,1739 1021,1739 1017,1735 996,1735 996,1733 968,1733 956,1733 956,1737 956,1738 956,1742 952,1742 917,1742 915,1742 915,1744 911,1744 901,1744 897,1744 893,1740 889,1744 877,1744 873,1744 873,1748 873,1794 854,1794 854,1748 854,1740 854,1737 819,1737 818,1736 818,1731 758,1731 758,1743 754,1747 725,1747 721,1743 717,1747 659,1747 657,1745 657,1738 657,1735 594,1735 592,1733 588,1737 571,1737 571,1747 567,1751 548,1751 547,1750 547,1738 471,1738 471,1759 463,1759 459,1763 455,1763 454,1762 454,1751 409,1751 406,1748 402,1752 383,1752 383,1745 353,1745 353,1749 349,1753 313,1753 313,1742 290,1742 268,1742 268,1751 268,1759 268,1808 252,1808 252,1759 252,1755 248,1755 225,1755 222,1755 222,1756 218,1756 212,1756 212,1755 209,1755 206,1752 203,1755 182,1755 182,1752 182,1749 146,1749 146,1753 146,1816 182,1816 182,1814 212,1814 212,1813 230,1813 233,1813 233,1812 237,1812 248,1812 252,1816 268,1816 268,1823 268,1827 305,1827 313,1827 313,1811 354,1811 354,1810 383,1810 383,1808 406,1808 406,1814 406,1815 454,1815 454,1775 463,1775 463,1767 471,1767 471,1811 547,1811 547,1806 571,1806 571,1817 592,1817 592,1819 622,1819 657,1819 657,1804 722,1804 722,1802 758,1802 758,1807 758,1813 774,1813 818,1813 818,1798 850,1798 854,1802 873,1802 877,1798 893,1798 901,1798 917,1798 919,1798 919,1796 923,1796 954,1796 956,1796 958,1796 962,1796 996,1796 996,1743 1017,1743 1017,1808"/>
                <pc:TextEquiv conf="0.976372838020325">
                    <pc:Unicode>ten guten Geſchmacks und geſunden, oder unge⸗</pc:Unicode>
                </pc:TextEquiv>
            </pc:TextLine>
            <pc:TextLine id="region0002_line0011">
                <pc:Coords points="398,1896 499,1896 499,1882 517,1882 517,1889 517,1897 540,1897 553,1897 553,1882 578,1882 582,1882 586,1882 614,1882 618,1886 631,1886 631,1887 645,1887 649,1887 649,1887 650,1888 685,1884 689,1880 689,1880 717,1880 717,1879 730,1879 732,1881 736,1877 768,1877 770,1877 796,1877 801,1877 828,1877 828,1887 869,1887 869,1875 910,1875 910,1874 947,1874 947,1879 947,1888 993,1888 993,1885 993,1873 1020,1873 1020,1814 1020,1812 1022,1812 1024,1810 1038,1810 1038,1812 1038,1872 1081,1872 1081,1869 1107,1869 1111,1873 1115,1869 1124,1869 1124,1878 1178,1878 1178,1868 1203,1868 1206,1868 1206,1867 1210,1867 1232,1867 1232,1873 1232,1877 1236,1877 1292,1877 1292,1864 1315,1864 1315,1866 1340,1866 1343,1869 1347,1865 1359,1865 1363,1865 1363,1861 1363,1836 1381,1836 1381,1868 1381,1873 1403,1873 1407,1877 1442,1877 1446,1873 1474,1873 1485,1873 1485,1864 1520,1864 1520,1873 1520,1874 1527,1874 1564,1874 1564,1808 1564,1801 1582,1801 1582,1804 1582,1863 1621,1863 1624,1863 1624,1862 1628,1862 1646,1862 1650,1862 1654,1862 1679,1862 1679,1856 1709,1856 1709,1819 1713,1815 1716,1815 1719,1818 1747,1818 1747,1832 1760,1832 1760,1814 1751,1814 1747,1810 1719,1810 1719,1801 1704,1801 1704,1803 1679,1803 1679,1802 1677,1802 1675,1800 1674,1799 1671,1802 1650,1802 1650,1793 1621,1793 1621,1797 1586,1797 1582,1793 1564,1793 1563,1793 1520,1793 1520,1803 1516,1807 1486,1807 1485,1806 1485,1797 1442,1797 1442,1828 1442,1836 1442,1867 1442,1868 1442,1869 1407,1869 1407,1836 1407,1832 1403,1832 1385,1832 1381,1828 1363,1828 1363,1807 1337,1807 1332,1807 1332,1809 1331,1809 1319,1809 1315,1805 1311,1809 1303,1809 1292,1809 1292,1796 1232,1796 1232,1807 1228,1811 1200,1811 1200,1814 1178,1814 1178,1812 1176,1812 1174,1810 1172,1812 1126,1812 1124,1810 1120,1814 1107,1814 1107,1816 1084,1816 1081,1813 1081,1800 1038,1800 1038,1804 1020,1804 1017,1807 1017,1808 1016,1808 989,1808 989,1813 985,1817 949,1817 947,1815 943,1819 910,1819 906,1815 902,1819 870,1819 869,1818 869,1804 828,1804 828,1817 824,1821 801,1821 800,1821 796,1817 792,1821 772,1821 770,1819 770,1817 770,1807 758,1807 728,1807 728,1824 717,1824 717,1808 685,1808 685,1876 685,1876 685,1876 650,1880 649,1881 649,1876 649,1845 635,1845 631,1845 631,1849 631,1878 618,1878 618,1849 618,1841 618,1823 618,1817 578,1817 578,1826 554,1826 550,1822 546,1826 521,1826 521,1816 500,1816 499,1815 499,1814 498,1814 496,1812 494,1814 406,1814 398,1814 398,1819 398,1823 373,1823 369,1823 345,1823 345,1831 331,1831 327,1827 323,1831 304,1831 302,1830 302,1830 301,1828 301,1823 268,1823 260,1823 260,1832 224,1832 224,1827 195,1827 195,1822 153,1822 153,1896 153,1903 195,1903 195,1892 195,1891 224,1891 224,1889 261,1889 264,1892 268,1888 301,1888 301,1887 327,1887 331,1887 348,1887 351,1890 355,1886 373,1886 373,1831 398,1831"/>
                <pc:TextEquiv conf="0.993682622909546">
                    <pc:Unicode>ſunden Wizes, uͤberhaupt bemercken, daß die⸗</pc:Unicode>
                </pc:TextEquiv>
            </pc:TextLine>
            <pc:TextLine id="region0002_line0012">
                <pc:Coords points="485,1961 514,1961 518,1965 522,1961 535,1961 540,1961 583,1961 583,1911 598,1911 598,1978 670,1978 670,1956 695,1956 695,1958 719,1958 719,1956 758,1956 758,1955 783,1955 783,1956 829,1956 829,1908 833,1908 833,1948 861,1948 865,1952 882,1952 882,1957 957,1957 957,1951 981,1951 982,1951 985,1951 989,1951 1019,1951 1022,1951 1022,1950 1026,1950 1041,1950 1041,1963 1106,1963 1106,1948 1135,1948 1135,1946 1164,1946 1164,1901 1191,1901 1191,1956 1191,1960 1195,1960 1230,1960 1230,1947 1243,1947 1243,1961 1285,1961 1285,1944 1297,1944 1309,1944 1325,1944 1329,1948 1363,1948 1363,1956 1382,1956 1390,1956 1406,1956 1406,1943 1422,1943 1422,1944 1451,1944 1451,1943 1474,1943 1474,1887 1491,1887 1491,1949 1491,1952 1494,1952 1523,1952 1523,1890 1523,1887 1525,1885 1527,1887 1556,1890 1556,1890 1556,1890 1556,1942 1603,1942 1604,1942 1639,1942 1639,1955 1708,1955 1708,1870 1654,1870 1646,1870 1639,1870 1639,1882 1635,1886 1607,1886 1603,1882 1599,1886 1560,1886 1560,1886 1556,1882 1527,1879 1524,1882 1523,1882 1522,1883 1519,1883 1495,1883 1491,1879 1474,1879 1474,1873 1474,1871 1451,1871 1451,1868 1442,1868 1441,1867 1440,1868 1422,1868 1422,1883 1418,1887 1406,1887 1406,1873 1406,1872 1377,1872 1367,1872 1363,1872 1363,1876 1363,1884 1363,1892 1363,1940 1329,1940 1329,1892 1329,1888 1325,1888 1309,1888 1301,1888 1297,1884 1293,1888 1286,1888 1285,1887 1285,1881 1243,1881 1243,1885 1239,1889 1230,1889 1230,1881 1230,1877 1226,1877 1191,1877 1191,1889 1191,1893 1164,1893 1160,1893 1136,1893 1135,1892 1135,1884 1108,1884 1106,1882 1106,1879 1043,1879 1041,1877 1037,1881 1019,1881 1019,1885 1015,1885 993,1885 982,1885 982,1895 959,1895 957,1893 957,1883 943,1883 882,1883 882,1900 882,1908 882,1944 865,1944 865,1908 865,1904 861,1904 837,1904 833,1900 829,1900 829,1898 785,1898 783,1896 779,1900 760,1900 758,1898 758,1891 721,1891 719,1889 719,1888 718,1888 717,1887 716,1888 695,1888 695,1898 691,1902 672,1902 670,1900 670,1888 653,1888 645,1888 622,1888 614,1888 598,1888 598,1899 598,1903 583,1903 579,1903 540,1903 540,1897 540,1893 514,1893 514,1894 514,1905 489,1905 485,1901 463,1901 459,1905 427,1905 427,1907 404,1907 402,1905 402,1898 361,1898 361,1899 333,1899 333,1905 273,1905 269,1905 269,1909 269,1962 251,1962 251,1909 251,1901 251,1900 211,1900 211,1910 201,1910 201,1896 199,1896 153,1896 148,1896 148,2000 148,2014 148,2058 157,2058 169,2058 201,2058 201,2043 201,1986 201,1966 210,1966 214,1970 218,1966 247,1966 251,1970 269,1970 269,1982 269,2040 273,2040 342,2040 346,2040 346,1984 346,1966 350,1962 360,1962 364,1966 368,1962 400,1962 402,1962 427,1962 431,1966 435,1962 463,1962 463,1909 485,1909"/>
                <pc:TextEquiv conf="0.932361662387848">
                    <pc:Unicode>ſes weder ein Helden⸗Gedichte ſeyn ſoll; noch</pc:Unicode>
                </pc:TextEquiv>
            </pc:TextLine>
            <pc:TextLine id="region0002_line0013">
                <pc:Coords points="1190,1976 1190,1972 1186,1972 1180,1972 1180,1979 1180,1979 1180,1979 1025,1981 1021,1985 1021,1985 1008,1985 1008,1997 1005,1997 990,2011 990,2014 987,2014 983,2014 983,2018 983,2020 447,2020 447,2018 447,2013 444,2013 426,2013 426,1983 404,1983 402,1981 398,1985 388,1985 387,1984 384,1981 381,1984 346,1984 344,1984 342,1982 293,1982 289,1986 273,1986 268,1986 266,1984 264,1982 260,1986 252,1986 248,1982 245,1985 209,1985 206,1982 202,1986 201,1986 178,1986 178,2003 161,2003 157,2007 157,2004 150,2004 149,2003 148,2004 147,2004 147,2005 146,2006 145,2007 147,2009 147,2014 148,2014 149,2014 149,2019 161,2019 161,2011 178,2011 178,2043 201,2043 206,2043 206,2054 237,2054 250,2054 250,2049 250,2040 269,2040 273,2040 273,2039 293,2039 293,1990 342,1990 342,2040 342,2043 387,2043 387,2039 402,2039 404,2039 422,2039 422,2042 422,2046 447,2046 447,2040 447,2028 983,2028 987,2024 989,2024 993,2024 993,2020 993,2017 996,2017 1011,2003 1011,2000 1025,2000 1025,1989 1025,1989 1025,1989 1180,1987 1182,1985 1182,2029 1183,2030 1183,2037 1183,2041 1192,2041 1195,2044 1271,2044 1275,2040 1282,2040 1282,2036 1282,2032 1283,2033 1284,2033 1284,2033 1289,2035 1387,1996 1389,1992 1397,1992 1397,1990 1397,1986 1466,1986 1470,1986 1473,1986 1475,1990 1656,2021 1657,2020 1657,2027 1664,2027 1668,2027 1668,2023 1668,2017 1660,2017 1658,2013 1477,1982 1476,1983 1476,1978 1476,1975 1473,1975 1466,1975 1466,1978 1397,1978 1393,1982 1390,1982 1386,1982 1386,1986 1386,1989 1385,1988 1286,2028 1285,2029 1284,2028 1282,2028 1281,2029 1279,2029 1275,2029 1271,2029 1271,2033 1271,2036 1195,2036 1195,2033 1195,2029 1190,2029 1190,1983 1190,1979"/>
                <pc:TextEquiv conf="0.970690965652466">
                    <pc:Unicode>eynan.</pc:Unicode>
                </pc:TextEquiv>
            </pc:TextLine>
            <pc:TextLine id="region0002_line0014">
                <pc:Coords points="197,2047 169,2047 165,2051 157,2051 157,2058 157,2065 169,2065 169,2058 169,2055 201,2055 201,2051 206,2051 206,2054 237,2054 237,2055 237,2125 237,2132 275,2132 303,2132 303,2122 339,2122 339,2060 353,2060 353,2129 392,2129 396,2129 396,2125 396,2117 411,2117 411,2118 440,2118 440,2117 457,2117 461,2121 471,2121 475,2117 506,2117 506,2114 528,2114 528,2117 558,2117 558,2114 595,2114 597,2114 597,2112 601,2112 620,2112 620,2121 650,2121 661,2121 665,2125 686,2125 687,2124 735,2124 735,2127 769,2127 779,2127 779,2114 783,2110 822,2110 822,2080 830,2080 830,2118 857,2118 857,2113 872,2113 876,2109 935,2109 935,2113 935,2115 944,2115 970,2115 970,2112 974,2108 986,2108 987,2108 990,2108 994,2108 1010,2108 1013,2111 1033,2111 1037,2107 1056,2107 1056,2115 1063,2115 1071,2115 1121,2115 1121,2107 1143,2107 1147,2103 1170,2103 1170,2105 1208,2105 1212,2105 1240,2105 1244,2101 1261,2101 1261,2111 1278,2111 1286,2111 1286,2110 1310,2110 1310,2109 1310,2100 1337,2100 1341,2104 1358,2104 1358,2109 1358,2111 1373,2111 1400,2111 1400,2100 1441,2100 1442,2100 1442,2097 1446,2097 1479,2097 1479,2098 1513,2098 1513,2101 1551,2101 1551,2043 1559,2043 1559,2099 1602,2099 1605,2099 1605,2098 1609,2098 1644,2098 1644,2105 1651,2105 1680,2105 1680,2106 1684,2106 1716,2106 1716,2078 1764,2078 1764,2086 1775,2086 1775,2074 1768,2074 1764,2070 1716,2070 1716,2044 1687,2044 1687,2029 1672,2029 1664,2029 1644,2029 1644,2034 1640,2038 1602,2038 1599,2038 1599,2039 1595,2039 1563,2039 1559,2035 1551,2035 1548,2038 1516,2038 1513,2035 1509,2039 1483,2039 1481,2037 1481,2036 1480,2036 1479,2035 1478,2036 1437,2036 1437,2039 1437,2043 1433,2043 1401,2043 1400,2042 1400,2031 1358,2031 1358,2039 1358,2047 1358,2096 1341,2096 1341,2047 1341,2043 1337,2043 1310,2043 1310,2032 1288,2032 1284,2032 1284,2036 1284,2040 1284,2044 1280,2044 1263,2044 1261,2042 1257,2046 1244,2046 1240,2046 1240,2050 1240,2097 1212,2097 1212,2050 1212,2042 1212,2037 1199,2037 1183,2037 1170,2037 1170,2043 1166,2047 1147,2047 1143,2047 1143,2051 1143,2099 1121,2099 1121,2051 1121,2043 1121,2034 1057,2034 1056,2033 1052,2037 1037,2037 1033,2037 1033,2041 1033,2103 1013,2103 1013,2041 1013,2036 1010,2036 997,2036 989,2036 987,2036 987,2038 983,2038 965,2038 965,2050 939,2050 938,2049 935,2046 932,2049 872,2049 872,2072 872,2080 872,2105 857,2105 857,2080 857,2076 853,2076 834,2076 830,2072 822,2072 822,2052 774,2052 774,2053 739,2053 739,2042 686,2042 686,2043 686,2051 686,2117 665,2117 665,2051 665,2047 661,2047 620,2047 620,2052 616,2056 597,2056 595,2056 595,2058 591,2058 559,2058 558,2057 558,2046 528,2046 528,2054 524,2058 507,2058 506,2057 506,2043 475,2043 471,2043 471,2047 471,2113 461,2113 461,2047 461,2040 460,2040 447,2040 435,2040 433,2038 429,2042 422,2042 411,2042 411,2057 407,2061 396,2061 396,2047 353,2047 353,2048 353,2052 339,2052 335,2052 303,2052 303,2049 300,2049 299,2048 298,2049 250,2049 239,2049 237,2047 210,2047 206,2043 201,2043"/>
                <pc:TextEquiv conf="0.998763859272003">
                    <pc:Unicode>Es ſoll keines ſeyn, weil ich es nie davor aus⸗</pc:Unicode>
                </pc:TextEquiv>
            </pc:TextLine>
            <pc:TextLine id="region0002_line0015">
                <pc:Coords points="578,2134 578,2134 578,2126 567,2126 567,2131 567,2133 565,2135 563,2135 538,2135 537,2134 537,2128 496,2128 496,2134 492,2138 469,2138 469,2137 468,2137 465,2134 462,2137 442,2137 438,2133 435,2136 400,2136 392,2136 374,2136 374,2152 374,2156 353,2156 349,2156 346,2156 342,2152 339,2152 339,2139 321,2139 321,2135 313,2135 294,2135 294,2137 290,2141 271,2141 271,2136 271,2125 237,2125 229,2125 229,2143 207,2143 206,2142 206,2141 205,2141 203,2139 201,2141 157,2141 157,2208 157,2216 157,2220 206,2220 206,2219 206,2197 232,2197 235,2200 239,2196 271,2196 271,2194 294,2194 294,2195 313,2195 313,2196 339,2196 339,2160 342,2160 342,2168 353,2168 353,2164 374,2164 374,2194 440,2194 440,2192 465,2192 469,2192 496,2192 496,2193 537,2193 537,2192 567,2192 567,2141 567,2139 569,2137 571,2137 575,2137 575,2137 575,2139 580,2148 583,2149 583,2149 583,2154 582,2155 583,2156 583,2158 585,2158 586,2159 586,2205 602,2205 606,2209 651,2209 655,2205 701,2205 701,2196 701,2190 736,2190 739,2190 739,2189 743,2189 764,2189 769,2189 791,2189 791,2198 862,2198 862,2196 899,2196 899,2203 904,2203 940,2203 940,2200 940,2187 962,2187 965,2190 1001,2190 1005,2186 1039,2186 1049,2186 1070,2186 1071,2186 1071,2183 1075,2183 1088,2183 1088,2184 1120,2184 1121,2184 1124,2187 1153,2187 1157,2183 1190,2183 1194,2183 1198,2183 1215,2183 1219,2183 1219,2180 1220,2180 1247,2180 1247,2133 1281,2133 1281,2194 1292,2194 1323,2194 1326,2197 1330,2193 1367,2193 1367,2194 1412,2194 1412,2193 1412,2184 1412,2180 1416,2180 1436,2180 1436,2189 1476,2189 1483,2189 1483,2184 1483,2177 1492,2177 1492,2180 1544,2180 1544,2128 1578,2128 1578,2183 1656,2183 1656,2175 1678,2175 1678,2182 1714,2182 1714,2177 1791,2177 1792,2176 1794,2176 1797,2176 1801,2180 1857,2180 1859,2178 1866,2178 1868,2178 1870,2180 1874,2180 1904,2180 1904,2186 1913,2186 1913,2176 1908,2176 1904,2172 1870,2172 1870,2166 1861,2166 1857,2166 1857,2170 1857,2172 1801,2172 1801,2170 1801,2164 1799,2164 1795,2164 1791,2164 1791,2168 1791,2169 1714,2169 1714,2168 1714,2160 1714,2107 1687,2107 1684,2107 1682,2107 1678,2103 1674,2107 1657,2107 1656,2106 1653,2103 1651,2105 1650,2106 1578,2106 1578,2116 1578,2120 1544,2120 1540,2120 1495,2120 1492,2117 1488,2121 1483,2121 1483,2105 1436,2105 1436,2117 1432,2121 1410,2121 1407,2121 1407,2122 1403,2122 1371,2122 1369,2120 1369,2115 1369,2109 1358,2109 1310,2109 1306,2109 1306,2110 1281,2110 1281,2114 1281,2121 1281,2125 1247,2125 1243,2125 1219,2125 1219,2113 1216,2113 1208,2113 1191,2113 1190,2113 1190,2116 1186,2116 1153,2116 1153,2123 1153,2131 1153,2179 1124,2179 1124,2131 1124,2127 1120,2127 1092,2127 1092,2116 1071,2116 1067,2116 1067,2120 1067,2123 1067,2127 1063,2127 1049,2127 1043,2127 1039,2123 1035,2127 1005,2127 1001,2127 1001,2131 1001,2182 965,2182 965,2131 965,2123 965,2116 943,2116 941,2116 940,2115 940,2113 938,2113 937,2112 936,2113 935,2113 899,2113 899,2126 895,2130 862,2130 860,2130 856,2126 852,2130 793,2130 791,2128 787,2132 769,2132 769,2127 769,2124 737,2124 737,2134 701,2134 701,2118 686,2118 665,2118 651,2118 651,2122 651,2151 651,2159 651,2201 606,2201 606,2159 606,2155 602,2155 595,2155 595,2146 586,2146 586,2146 586,2144 581,2135"/>
                <pc:TextEquiv conf="0.990066111087799">
                    <pc:Unicode>geben werde, ſintemahl mir die ſcharfen Re⸗</pc:Unicode>
                </pc:TextEquiv>
            </pc:TextLine>
            <pc:TextLine id="region0002_line0016">
                <pc:Coords points="442,2216 442,2278 517,2278 517,2271 543,2271 546,2271 590,2271 590,2270 602,2270 602,2271 626,2271 630,2271 634,2271 665,2271 665,2277 665,2281 669,2281 704,2281 704,2271 727,2271 727,2283 771,2283 771,2268 801,2268 801,2248 805,2248 809,2244 811,2244 818,2244 821,2244 821,2268 847,2268 855,2268 864,2268 866,2268 866,2266 870,2266 904,2266 907,2266 907,2265 911,2265 945,2265 945,2204 953,2204 953,2265 990,2265 992,2265 1022,2265 1022,2264 1044,2264 1044,2263 1059,2263 1067,2263 1089,2263 1089,2210 1096,2210 1096,2268 1104,2268 1112,2268 1160,2268 1160,2260 1187,2260 1187,2262 1210,2262 1210,2265 1210,2271 1258,2271 1261,2271 1261,2262 1297,2262 1299,2262 1299,2260 1303,2260 1323,2260 1327,2260 1353,2260 1353,2261 1377,2261 1377,2258 1405,2258 1405,2261 1443,2261 1443,2268 1470,2268 1470,2233 1476,2233 1476,2274 1538,2274 1549,2274 1549,2270 1549,2257 1581,2257 1586,2257 1614,2257 1614,2265 1655,2265 1655,2272 1685,2272 1691,2272 1691,2268 1691,2266 1716,2266 1716,2262 1728,2262 1728,2248 1718,2248 1716,2246 1716,2215 1723,2215 1723,2223 1733,2223 1733,2214 1735,2215 1759,2204 1760,2200 1764,2200 1764,2231 1766,2233 1766,2243 1776,2243 1777,2247 1789,2252 1791,2251 1791,2260 1801,2260 1801,2252 1840,2252 1847,2252 1850,2252 1850,2249 1850,2244 1853,2243 1865,2224 1865,2222 1872,2222 1874,2226 1900,2231 1901,2230 1901,2239 1912,2239 1912,2227 1904,2227 1902,2223 1876,2218 1875,2219 1875,2209 1874,2209 1866,2209 1862,2209 1862,2219 1859,2220 1847,2239 1847,2241 1840,2241 1840,2244 1801,2244 1797,2248 1794,2248 1793,2244 1781,2239 1779,2240 1779,2231 1772,2231 1772,2200 1768,2196 1768,2192 1768,2189 1765,2189 1757,2189 1757,2197 1755,2196 1731,2207 1730,2211 1727,2211 1723,2207 1716,2207 1716,2195 1690,2195 1687,2192 1683,2196 1656,2196 1655,2195 1651,2199 1618,2199 1614,2195 1610,2199 1586,2199 1585,2199 1581,2195 1577,2199 1551,2199 1549,2197 1549,2184 1483,2184 1476,2184 1476,2189 1476,2221 1476,2225 1470,2225 1466,2225 1447,2225 1446,2224 1446,2193 1412,2193 1405,2193 1405,2198 1401,2202 1379,2202 1377,2200 1377,2190 1353,2190 1353,2198 1349,2202 1327,2202 1327,2194 1296,2194 1296,2198 1296,2199 1296,2203 1292,2203 1263,2203 1261,2201 1261,2189 1223,2189 1215,2189 1210,2189 1206,2193 1187,2193 1187,2201 1183,2205 1161,2205 1160,2204 1160,2192 1128,2192 1120,2192 1096,2192 1096,2202 1089,2202 1085,2206 1062,2206 1059,2203 1055,2207 1044,2207 1042,2207 1038,2203 1034,2207 1023,2207 1019,2203 1015,2207 994,2207 992,2205 992,2200 957,2200 953,2196 945,2196 941,2200 940,2200 905,2200 905,2204 905,2205 905,2209 901,2209 864,2209 861,2209 861,2210 857,2210 821,2210 821,2229 818,2232 814,2232 811,2229 808,2232 805,2232 805,2236 805,2240 801,2240 801,2236 801,2228 801,2210 773,2210 771,2208 771,2198 731,2198 730,2197 730,2196 729,2196 727,2194 725,2196 701,2196 687,2196 686,2195 682,2199 665,2199 665,2201 661,2205 651,2205 626,2205 626,2210 626,2214 622,2214 610,2214 605,2214 602,2211 598,2215 590,2215 590,2214 587,2214 584,2211 581,2214 547,2214 543,2210 539,2214 517,2214 517,2203 442,2203 442,2204 442,2208 431,2208 427,2208 392,2208 392,2213 388,2217 353,2217 349,2213 345,2217 332,2217 329,2217 329,2218 325,2218 311,2218 308,2218 308,2219 299,2219 295,2219 276,2219 273,2216 269,2220 260,2220 260,2204 233,2204 233,2217 229,2221 208,2221 206,2219 205,2218 205,2212 157,2212 157,2216 157,2220 157,2288 157,2294 186,2294 205,2294 205,2275 233,2275 233,2274 260,2274 260,2272 273,2272 273,2274 299,2274 299,2227 308,2227 308,2274 334,2274 337,2274 337,2273 341,2273 349,2273 349,2274 389,2274 392,2274 392,2275 396,2275 431,2275 431,2216"/>
                <pc:TextEquiv conf="0.983620643615723">
                    <pc:Unicode>geln und Grundſaͤtze aus dem Ariſtoteles, Horaz,</pc:Unicode>
                </pc:TextEquiv>
            </pc:TextLine>
            <pc:TextLine id="region0002_line0017">
                <pc:Coords points="693,2349 719,2349 722,2352 726,2348 736,2348 740,2348 744,2352 748,2348 763,2348 765,2350 783,2350 787,2346 801,2346 801,2347 828,2347 828,2346 853,2346 858,2346 873,2346 882,2346 897,2346 897,2347 926,2347 929,2347 929,2346 933,2346 971,2346 971,2316 978,2316 978,2357 1001,2357 1005,2361 1033,2364 1037,2360 1037,2360 1040,2360 1043,2357 1043,2356 1044,2356 1078,2356 1082,2356 1082,2352 1082,2343 1108,2343 1108,2344 1149,2344 1149,2283 1173,2283 1173,2358 1258,2358 1258,2342 1291,2342 1291,2354 1338,2354 1338,2341 1386,2341 1386,2303 1396,2303 1396,2350 1425,2350 1425,2342 1425,2338 1452,2338 1456,2338 1484,2338 1484,2337 1494,2337 1499,2337 1503,2341 1507,2337 1540,2337 1543,2337 1543,2336 1547,2336 1580,2336 1580,2280 1601,2280 1601,2347 1612,2347 1620,2347 1647,2347 1647,2343 1691,2343 1691,2332 1695,2328 1719,2328 1719,2278 1719,2274 1863,2274 1867,2274 1874,2274 1874,2262 1866,2262 1863,2262 1863,2265 1863,2266 1719,2266 1717,2268 1691,2268 1685,2268 1685,2272 1685,2276 1647,2276 1646,2276 1642,2272 1638,2276 1605,2276 1601,2272 1580,2272 1580,2270 1549,2270 1538,2270 1538,2274 1538,2275 1538,2279 1534,2279 1494,2279 1494,2281 1484,2281 1484,2280 1475,2280 1472,2277 1469,2280 1452,2280 1452,2330 1425,2330 1425,2299 1400,2299 1396,2295 1386,2295 1386,2268 1338,2268 1338,2267 1334,2267 1331,2264 1328,2267 1291,2267 1291,2280 1287,2284 1260,2284 1258,2282 1258,2271 1258,2269 1206,2269 1173,2269 1173,2271 1173,2275 1149,2275 1145,2275 1112,2275 1108,2275 1108,2279 1108,2282 1104,2286 1084,2286 1082,2284 1082,2276 1040,2276 1040,2352 1040,2353 1037,2354 1035,2358 1033,2356 1005,2353 1005,2353 1005,2352 1005,2312 982,2312 978,2308 971,2308 971,2288 928,2288 925,2288 925,2289 921,2289 901,2289 897,2285 893,2289 882,2289 877,2289 873,2285 869,2289 861,2289 861,2279 855,2279 851,2279 851,2283 851,2285 847,2289 830,2289 826,2285 822,2289 804,2289 801,2286 797,2290 786,2290 783,2290 783,2295 783,2342 765,2342 765,2295 765,2291 761,2291 736,2291 736,2292 719,2292 719,2293 696,2293 693,2290 693,2283 669,2283 661,2283 652,2283 652,2289 652,2297 652,2346 621,2346 621,2297 621,2293 617,2293 591,2293 591,2294 576,2294 576,2295 545,2295 542,2292 542,2291 541,2291 499,2291 499,2343 468,2343 468,2295 427,2295 423,2291 419,2295 398,2295 396,2293 396,2281 388,2281 337,2281 335,2279 331,2283 312,2283 312,2293 308,2297 289,2297 288,2296 288,2282 262,2282 262,2292 262,2296 258,2296 220,2296 219,2295 215,2299 197,2299 195,2299 195,2301 191,2301 184,2301 182,2299 182,2298 182,2288 157,2288 154,2288 154,2357 182,2357 182,2355 200,2355 203,2355 203,2354 207,2354 219,2354 219,2367 219,2371 223,2371 264,2371 264,2358 264,2354 268,2354 288,2354 288,2351 312,2351 312,2353 335,2353 335,2366 368,2366 396,2366 396,2361 396,2352 423,2352 423,2353 466,2353 468,2353 468,2351 499,2351 503,2351 538,2351 541,2351 542,2351 546,2351 575,2351 579,2355 583,2351 599,2351 602,2354 606,2350 617,2350 621,2354 652,2354 655,2351 656,2351 693,2351"/>
                <pc:TextEquiv conf="0.987461090087891">
                    <pc:Unicode>ingleichen von den neuen, des Boſſu, und an⸗</pc:Unicode>
                </pc:TextEquiv>
            </pc:TextLine>
            <pc:TextLine id="region0002_line0018">
                <pc:Coords points="1020,2368 1020,2375 1019,2374 898,2400 896,2404 882,2404 882,2358 850,2358 850,2369 769,2370 767,2368 763,2372 733,2372 733,2357 698,2357 698,2368 694,2372 674,2372 671,2369 671,2356 628,2356 628,2427 609,2427 609,2367 545,2367 543,2365 543,2360 501,2360 497,2356 493,2360 480,2360 480,2362 476,2366 427,2367 427,2374 408,2374 408,2361 368,2361 368,2394 329,2394 325,2390 317,2390 317,2376 281,2376 254,2377 254,2379 227,2379 227,2377 224,2377 222,2375 220,2377 198,2377 195,2374 195,2369 151,2369 151,2438 195,2438 195,2436 227,2436 227,2433 317,2431 317,2398 325,2398 325,2444 345,2444 345,2402 368,2402 368,2441 408,2441 408,2435 433,2436 437,2432 480,2432 480,2442 505,2442 505,2433 543,2433 543,2431 605,2431 609,2435 671,2435 671,2429 733,2430 733,2428 807,2428 810,2431 814,2427 849,2427 852,2430 856,2426 899,2426 899,2407 900,2408 1021,2382 1023,2378 1029,2378 1031,2382 1082,2392 1082,2394 1086,2397 1086,2406 1093,2406 1097,2410 1178,2410 1178,2417 1189,2418 1304,2418 1304,2421 1308,2421 1308,2426 1315,2426 1319,2430 1391,2430 1393,2428 1403,2428 1403,2422 1404,2423 1617,2395 1620,2391 1626,2391 1626,2385 1775,2384 1784,2376 1788,2376 1792,2380 1864,2385 1864,2397 1876,2397 1876,2381 1868,2381 1864,2377 1792,2372 1792,2366 1781,2366 1781,2373 1778,2374 1776,2378 1774,2376 1626,2377 1622,2381 1616,2381 1616,2387 1403,2415 1391,2415 1391,2422 1319,2422 1319,2415 1315,2415 1315,2410 1188,2411 1188,2406 1182,2406 1178,2402 1097,2402 1097,2394 1089,2394 1082,2384 1033,2374 1032,2375 1032,2368"/>
                <pc:TextEquiv conf="0.997737348079681">
                    <pc:Unicode>derer ſattſam bekannt.</pc:Unicode>
                </pc:TextEquiv>
            </pc:TextLine>
            <pc:TextLine id="region0002_line0019">
                <pc:Coords points="898,2440 898,2517 954,2517 954,2507 962,2507 962,2519 994,2519 994,2504 1037,2504 1037,2475 1057,2475 1057,2514 1085,2514 1085,2475 1107,2475 1111,2471 1114,2471 1114,2477 1118,2477 1118,2503 1186,2504 1186,2501 1290,2502 1294,2498 1333,2498 1337,2502 1341,2498 1364,2498 1364,2510 1408,2510 1408,2500 1474,2500 1474,2518 1501,2518 1501,2499 1519,2499 1519,2505 1586,2505 1586,2481 1603,2481 1607,2477 1613,2477 1613,2470 1615,2470 1615,2495 1605,2495 1605,2512 1620,2512 1620,2506 1624,2502 1666,2503 1666,2505 1717,2505 1717,2440 1736,2440 1736,2447 1744,2447 1761,2478 1764,2479 1764,2488 1775,2488 1775,2480 1798,2480 1800,2478 1816,2478 1816,2474 1874,2474 1878,2470 1886,2470 1886,2456 1874,2456 1874,2466 1798,2465 1798,2474 1775,2474 1773,2476 1767,2476 1750,2445 1747,2444 1747,2436 1740,2436 1736,2432 1717,2432 1715,2434 1673,2434 1673,2422 1646,2422 1646,2432 1642,2436 1615,2436 1615,2462 1613,2462 1609,2466 1603,2466 1603,2473 1586,2473 1586,2422 1519,2421 1515,2425 1501,2425 1501,2423 1497,2423 1495,2421 1493,2423 1474,2423 1474,2434 1470,2438 1409,2438 1408,2422 1364,2422 1364,2434 1360,2438 1335,2438 1335,2440 1290,2440 1290,2494 1262,2494 1262,2428 1234,2427 1230,2431 1212,2431 1212,2439 1208,2443 1182,2442 1178,2446 1148,2446 1148,2441 1118,2441 1117,2463 1117,2459 1107,2459 1107,2467 1085,2467 1081,2471 1061,2471 1057,2467 1037,2467 1037,2445 992,2445 990,2443 986,2447 978,2447 965,2446 962,2443 959,2446 954,2446 954,2434 899,2434 896,2432 870,2436 867,2440 831,2440 831,2445 827,2449 803,2450 763,2450 763,2438 737,2438 737,2451 713,2451 713,2436 679,2436 679,2509 676,2509 672,2513 668,2513 664,2509 658,2509 658,2437 589,2437 589,2449 585,2453 571,2453 567,2449 563,2453 552,2453 548,2449 545,2452 504,2452 504,2506 483,2506 483,2452 403,2453 403,2438 368,2438 368,2503 341,2503 341,2445 304,2445 304,2443 300,2441 298,2443 236,2443 236,2518 304,2518 304,2512 341,2511 398,2511 398,2516 440,2516 440,2514 444,2510 479,2510 483,2514 504,2514 507,2511 552,2511 589,2509 589,2521 658,2521 658,2517 664,2517 664,2524 676,2524 676,2517 713,2516 713,2510 738,2510 741,2513 745,2509 805,2509 805,2505 871,2506 871,2444"/>
                <pc:TextEquiv conf="0.999220907688141">
                    <pc:Unicode>Es kan auch keines ſeyn, weil nehmlich ein</pc:Unicode>
                </pc:TextEquiv>
            </pc:TextLine>
            <pc:TextLine id="region0002_line0020">
                <pc:Coords points="233,1348 230,1351 230,1359 233,1362 233,1731 229,1735 229,1755 233,1759 233,1812 237,1812 237,1832 233,1832 233,1889 237,1889 237,1900 233,1900 233,1966 237,1966 237,1985 233,1985 233,2054 237,2054 237,2125 233,2125 233,2198 231,2200 231,2204 233,2206 233,2217 233,2274 237,2274 237,2296 233,2296 233,2371 237,2371 237,2379 233,2379 233,2433 237,2433 237,2443 236,2443 236,2515 233,2518 233,2523 237,2527 237,2534 233,2538 214,2538 214,2537 213,2537 210,2534 207,2537 187,2537 183,2533 180,2536 140,2536 140,2597 185,2597 185,2594 214,2594 214,2592 237,2592 237,2606 275,2606 275,2593 301,2593 305,2593 331,2593 331,2592 364,2592 364,2543 382,2543 382,2590 424,2590 424,2597 464,2597 464,2590 491,2590 495,2590 536,2590 536,2588 562,2588 562,2603 602,2603 602,2592 671,2592 671,2589 695,2589 699,2589 731,2589 731,2540 755,2540 755,2589 803,2589 803,2586 815,2586 824,2586 842,2586 877,2586 881,2590 901,2590 905,2586 946,2586 946,2583 957,2583 968,2583 984,2583 984,2603 1029,2603 1029,2584 1054,2584 1054,2596 1108,2596 1110,2596 1110,2594 1114,2594 1148,2594 1148,2582 1179,2582 1179,2581 1192,2581 1201,2581 1221,2581 1221,2580 1247,2580 1247,2581 1284,2581 1284,2528 1308,2528 1308,2596 1381,2596 1381,2576 1408,2576 1408,2581 1434,2581 1434,2576 1470,2576 1471,2577 1504,2577 1504,2583 1515,2583 1515,2579 1519,2575 1540,2575 1540,2585 1595,2585 1595,2578 1625,2578 1625,2572 1644,2572 1644,2576 1686,2576 1686,2578 1722,2578 1722,2520 1693,2520 1693,2516 1686,2516 1651,2516 1651,2507 1651,2502 1623,2502 1623,2503 1619,2507 1605,2507 1592,2507 1589,2507 1589,2510 1589,2513 1585,2517 1552,2517 1552,2509 1511,2509 1511,2573 1508,2573 1504,2569 1471,2569 1471,2510 1434,2510 1434,2505 1412,2505 1408,2505 1408,2516 1404,2520 1384,2520 1381,2517 1381,2506 1364,2506 1308,2506 1308,2520 1284,2520 1280,2524 1251,2524 1247,2520 1243,2524 1224,2524 1220,2520 1216,2524 1194,2524 1192,2522 1188,2526 1179,2526 1179,2525 1177,2525 1174,2522 1171,2525 1152,2525 1148,2521 1148,2513 1148,2509 1144,2509 1108,2509 1107,2509 1107,2512 1103,2512 1089,2512 1057,2512 1054,2512 1054,2522 1050,2526 1030,2526 1029,2525 1026,2522 1023,2525 998,2525 990,2525 985,2525 984,2524 980,2528 968,2528 961,2528 957,2524 953,2528 946,2528 946,2527 944,2527 941,2524 938,2527 905,2527 901,2527 901,2531 901,2582 881,2582 881,2531 881,2523 881,2520 875,2520 867,2520 842,2520 842,2525 838,2529 817,2529 815,2527 811,2531 803,2531 802,2531 798,2527 794,2531 758,2531 755,2531 755,2532 731,2532 727,2532 697,2532 695,2530 691,2534 673,2534 671,2532 669,2530 667,2532 606,2532 602,2528 602,2521 602,2515 585,2515 562,2515 562,2529 558,2533 538,2533 534,2529 531,2532 494,2532 491,2529 487,2533 464,2533 460,2529 456,2533 428,2533 426,2531 426,2530 425,2530 424,2529 423,2530 382,2530 382,2531 382,2535 364,2535 360,2535 333,2535 329,2531 325,2535 305,2535 305,2527 278,2527 275,2524 275,2523 274,2523 241,2523 241,2518 241,2447 245,2443 245,2433 241,2429 241,2383 245,2379 245,2371 241,2367 241,2300 245,2296 245,2274 241,2270 241,2204 239,2204 239,2200 237,2198 239,2196 241,2196 241,1989 245,1985 245,1966 241,1962 241,1904 245,1900 245,1889 241,1885 241,1836 245,1832 245,1812 241,1808 241,1755 237,1755 237,1735 241,1735 241,1372 234,1372 234,1363 238,1359 238,1351 241,1351 241,1292 237,1292 237,1236 241,1236 263,1236 263,1177 263,1127 261,1127 261,1037 261,999 261,936 261,912 114,912 114,1123 110,1127 114,1131 114,1135 114,1236 211,1236 215,1236 229,1236 229,1292 233,1296"/>
                <pc:TextEquiv conf="0.">
                    <pc:Unicode></pc:Unicode>
                </pc:TextEquiv>
            </pc:TextLine>
            <pc:TextEquiv>
                <pc:Unicode>Ey gegenwaͤrtigem langen Gedich⸗
te, welches ich dir hiermit vorzulegen die
Ehre habe; waͤre zwar gar vieles vor⸗
lauffi zu erinnern: aber eben, weil es
ſo viel iſt; wi ich alles, ſo viel mir nur mog
lich ſeyn wird, deſto kuͤrtzer faſſen doch alſo,
daß von denen allernoͤthigſten Stucken mchts
außbleiben ſoll.
Gleich Anfangs muß ich gegen die tadelſuchti⸗
gen Wort⸗Richter und Erbpachter des ſogenan⸗
ten guten Geſchmacks und geſunden, oder unge⸗
ſunden Wizes, uͤberhaupt bemercken, daß die⸗
ſes weder ein Helden⸗Gedichte ſeyn ſoll; noch
eynan.
Es ſoll keines ſeyn, weil ich es nie davor aus⸗
geben werde, ſintemahl mir die ſcharfen Re⸗
geln und Grundſaͤtze aus dem Ariſtoteles, Horaz,
ingleichen von den neuen, des Boſſu, und an⸗
derer ſattſam bekannt.
Es kan auch keines ſeyn, weil nehmlich ein
</pc:Unicode>
            </pc:TextEquiv>
        </pc:TextRegion>
        <pc:TextRegion id="region0005" orientation="0." type="caption" readingDirection="left-to-right" textLineOrder="top-to-bottom">
            <pc:Coords points="345,2597 345,2611 341,2615 333,2615 333,2600 285,2600 285,2683 270,2683 270,2612 246,2612 244,2610 243,2611 242,2610 238,2614 227,2614 223,2610 219,2614 200,2614 198,2612 198,2611 197,2611 196,2610 195,2611 147,2611 147,2618 26,2618 22,2622 0,2622 0,2665 26,2665 26,2626 147,2626 147,2702 198,2702 198,2692 227,2692 227,2676 244,2676 244,2701 270,2701 270,2691 285,2691 289,2687 333,2687 333,2685 345,2685 345,2695 389,2695 389,2674 408,2674 408,2690 443,2690 443,2683 472,2683 472,2606 474,2606 474,2613 481,2613 481,2615 485,2619 485,2689 511,2689 524,2689 524,2682 527,2681 534,2669 534,2667 541,2667 541,2661 544,2661 544,2692 594,2692 594,2677 598,2673 606,2673 606,2693 635,2693 635,2673 658,2673 658,2677 693,2677 693,2676 707,2676 707,2678 758,2678 758,2677 795,2677 795,2687 842,2687 842,2670 870,2670 870,2689 900,2689 900,2675 904,2671 920,2671 920,2655 926,2655 926,2662 938,2662 938,2672 954,2672 954,2685 979,2685 979,2686 1010,2686 1010,2669 1028,2669 1028,2674 1067,2674 1067,2631 1071,2631 1071,2625 1081,2625 1081,2683 1117,2683 1117,2668 1147,2668 1147,2665 1158,2665 1158,2671 1212,2671 1212,2609 1216,2605 1218,2607 1224,2607 1224,2623 1220,2627 1220,2640 1224,2640 1224,2680 1268,2680 1268,2675 1307,2675 1307,2670 1338,2670 1338,2666 1376,2666 1376,2678 1398,2678 1398,2680 1446,2680 1446,2663 1474,2663 1474,2661 1507,2661 1507,2599 1520,2599 1520,2662 1583,2662 1583,2739 1636,2739 1636,2654 1644,2654 1644,2739 1695,2739 1695,2578 1644,2578 1644,2590 1640,2594 1636,2594 1636,2581 1587,2581 1583,2577 1579,2581 1520,2581 1520,2591 1507,2591 1503,2595 1473,2595 1470,2592 1466,2596 1446,2596 1442,2592 1438,2596 1404,2596 1404,2585 1379,2585 1376,2582 1372,2586 1332,2586 1332,2596 1328,2600 1300,2600 1299,2599 1295,2603 1269,2603 1265,2599 1261,2603 1228,2603 1224,2599 1218,2599 1218,2591 1204,2591 1204,2596 1168,2596 1168,2594 1160,2594 1158,2592 1156,2594 1141,2594 1141,2600 1137,2604 1118,2604 1117,2603 1117,2592 1081,2592 1081,2617 1071,2617 1067,2621 1067,2606 1031,2606 1028,2603 1024,2607 1010,2607 1010,2594 979,2594 979,2603 975,2607 971,2607 971,2589 938,2589 938,2647 934,2651 930,2651 926,2647 920,2647 920,2608 890,2608 890,2609 874,2609 873,2608 873,2595 842,2595 842,2594 838,2594 835,2591 832,2594 795,2594 795,2606 791,2610 760,2610 756,2606 752,2610 710,2610 707,2607 703,2611 692,2611 689,2608 685,2612 661,2612 658,2609 654,2613 636,2613 635,2612 635,2594 609,2594 606,2591 602,2595 586,2595 586,2610 544,2610 544,2653 541,2653 537,2657 531,2657 531,2664 528,2665 521,2677 521,2679 515,2679 511,2675 511,2666 515,2666 515,2656 511,2656 511,2615 489,2615 489,2613 485,2609 485,2602 478,2602 474,2598 472,2598 468,2602 439,2602 439,2609 435,2613 413,2613 413,2599 392,2599 388,2595 386,2597"/>
            <pc:TextLine id="region0005_line0000">
                <pc:Coords points="345,2597 345,2611 341,2615 333,2615 333,2600 285,2600 285,2683 270,2683 270,2612 246,2612 244,2610 243,2611 242,2610 238,2614 227,2614 223,2610 219,2614 200,2614 198,2612 198,2611 197,2611 196,2610 195,2611 147,2611 147,2618 26,2618 22,2622 0,2622 0,2665 26,2665 26,2626 147,2626 147,2702 198,2702 198,2692 227,2692 227,2676 244,2676 244,2701 270,2701 270,2691 285,2691 289,2687 333,2687 333,2685 345,2685 345,2695 389,2695 389,2674 408,2674 408,2690 443,2690 443,2683 472,2683 472,2606 474,2606 474,2613 481,2613 481,2615 485,2619 485,2689 511,2689 524,2689 524,2682 527,2681 534,2669 534,2667 541,2667 541,2661 544,2661 544,2692 594,2692 594,2677 598,2673 606,2673 606,2693 635,2693 635,2673 658,2673 658,2677 693,2677 693,2676 707,2676 707,2678 758,2678 758,2677 795,2677 795,2687 842,2687 842,2670 870,2670 870,2689 900,2689 900,2675 904,2671 920,2671 920,2655 926,2655 926,2662 938,2662 938,2672 954,2672 954,2685 979,2685 979,2686 1010,2686 1010,2669 1028,2669 1028,2674 1067,2674 1067,2631 1071,2631 1071,2625 1081,2625 1081,2683 1117,2683 1117,2668 1147,2668 1147,2665 1158,2665 1158,2671 1212,2671 1212,2609 1216,2605 1218,2607 1224,2607 1224,2623 1220,2627 1220,2640 1224,2640 1224,2680 1268,2680 1268,2675 1307,2675 1307,2670 1338,2670 1338,2666 1376,2666 1376,2678 1398,2678 1398,2680 1446,2680 1446,2663 1474,2663 1474,2661 1507,2661 1507,2599 1520,2599 1520,2662 1583,2662 1583,2739 1636,2739 1636,2654 1644,2654 1644,2739 1695,2739 1695,2578 1644,2578 1644,2590 1640,2594 1636,2594 1636,2581 1587,2581 1583,2577 1579,2581 1520,2581 1520,2591 1507,2591 1503,2595 1473,2595 1470,2592 1466,2596 1446,2596 1442,2592 1438,2596 1404,2596 1404,2585 1379,2585 1376,2582 1372,2586 1332,2586 1332,2596 1328,2600 1300,2600 1299,2599 1295,2603 1269,2603 1265,2599 1261,2603 1228,2603 1224,2599 1218,2599 1218,2591 1204,2591 1204,2596 1168,2596 1168,2594 1160,2594 1158,2592 1156,2594 1141,2594 1141,2600 1137,2604 1118,2604 1117,2603 1117,2592 1081,2592 1081,2617 1071,2617 1067,2621 1067,2606 1031,2606 1028,2603 1024,2607 1010,2607 1010,2594 979,2594 979,2603 975,2607 971,2607 971,2589 938,2589 938,2647 934,2651 930,2651 926,2647 920,2647 920,2608 890,2608 890,2609 874,2609 873,2608 873,2595 842,2595 842,2594 838,2594 835,2591 832,2594 795,2594 795,2606 791,2610 760,2610 756,2606 752,2610 710,2610 707,2607 703,2611 692,2611 689,2608 685,2612 661,2612 658,2609 654,2613 636,2613 635,2612 635,2594 609,2594 606,2591 602,2595 586,2595 586,2610 544,2610 544,2653 541,2653 537,2657 531,2657 531,2664 528,2665 521,2677 521,2679 515,2679 511,2675 511,2666 515,2666 515,2656 511,2656 511,2615 489,2615 489,2613 485,2609 485,2602 478,2602 474,2598 472,2598 468,2602 439,2602 439,2609 435,2613 413,2613 413,2599 392,2599 388,2595 386,2597"/>
                <pc:TextEquiv conf="0.967150449752808">
                    <pc:Unicode>nen fehlet; allermaſen hier kein zorniger Ai</pc:Unicode>
                </pc:TextEquiv>
            </pc:TextLine>
            <pc:TextEquiv>
                <pc:Unicode>nen fehlet; allermaſen hier kein zorniger Ai</pc:Unicode>
            </pc:TextEquiv>
        </pc:TextRegion>
        <pc:ImageRegion id="region0003" orientation="0.316441730431762">
            <pc:Coords points="0,2479 45,2479 45,2586 0,2586"/>
        </pc:ImageRegion>
        <pc:ImageRegion id="region0004" orientation="0.316441730431762">
            <pc:Coords points="0,2479 45,2479 45,2586 0,2586"/>
        </pc:ImageRegion>
    </pc:Page>
</pc:PcGts>
