2151 3200
425 37 1648 194 8 Des Sachſi ſch en
856 158 1047 195 4,
478 204 1933 308 Daſelbſten ſann er nun, was wichtigs zu vollenden,
458 290 2078 492 XXXXXX XX
478 489 2071 588 Was man zu Altenburg, am Hof des Furſten, trieb
477 580 2078 684 Hierzu ward ſonderlich Hanß Schwalb, ein Koch, ge⸗
1415 678 2067 748 nommen,
476 747 2074 854 Der durch des Cunzen Liſt, ins Furſten Dienſt, gekommen ·
477 849 2074 943 Auf daß ihm, was geſchah, in Eil berichtet war,
478 949 2000 1063 Und einer, Schweiniz, trug die Brieffe hin und her.
585 1083 2066 1181 O wie iſt doch der Menſch ſo ſinnreich,/ ſich zu ſchaden,
391 1177 1963 1272 Und eine ſchwere Laſt auf ſeinen Hals zu laden!
436 1267 1971 1366 Er weiß nicht, was er will,, haßt das, was er beſizt,
482 1367 2051 1464 Sucht, was ihm Schaden bringt, und flieht das, was
1142 1455 1594 1536 ihm nuzt
481 1534 2048 1631 Cunz hatte Geld und Gut, und war an Ruhm geſtiegen,
462 1628 2016 1727 Und dennoch wuchs dabey ſein heimlich Mißvergnugen,
481 1725 1852 1827 Er fande keine Ruh, die Rach⸗ und Ehren Sucht
320 1801 1969 1923 Trieb noch den kleinen Reſt der Tugend in die Flucht,
582 1936 1968 2042 Der Satan haͤtte ſich an Meiſſen gern gerochen /
476 2031 2041 2203 Nachdem der Bruder⸗ Krieg ſoglucklich unterbrochen
466 2142 2010 2197 i
578 2237 2024 2324 wir auch beyde Nahmen gebrauchet, weil an die en kleinen Neben Um
499 2266 2037 2386 cht viel gele en. Die es a er Rieſenberg uennen, wie Pen
534 2344 2021 2432 angemerckt, mogen vermuthlich einen geringen Fehler bege
802 2392 2033 2497 bl man hiervon nichts gewiſſes entſcheiden und beſtimmen
593 2442 2021 2576 nauch eine Begierde hat , dieſe gleichgultige Sache grunolic
575 2490 2034 2610 au umache .t woh will mein e Vater in ſeiner Vorſtellung
564 2546 2028 2644 erleyr / allenthalben enberg geſchrieben habe
513 2595 2029 2716 oireuen sc. zn eumch ar det, ubelam b chn olee
572 2663 1938 2758 des gelten Vi efehlet haben mogen. Doch es mag iho
1103 2714 1922 2778 XN orJſG 20
471 2726 2025 2841 Deſer linretneiliche umledeun cůz . i n
