1927 3004
306 173 1587 257 V orrre de.
0 258 1779 351 zenraube und Trilleriſchen Geſchlechte, welehe auch hinten,
62 331 1749 425 wie erwehnt, angedruckt worden.
86 397 1694 484 Ob nun dieſes gleich von ungefehr geſchehen; ſo habe es
55 468 1696 561 doch nicht von ungefehr angenommen, ſondern ſogleich einen
53 539 1701 710 eeeenierXXeXieeie.
49 684 1733 836 endlich in gegenwartigen Stand gekommen, worinnen es
50 755 1865 980 ierieieiia
59 958 1710 1054 ſeinen Ahnen und Geſchlechte viel zu prahlen, indem ich alle⸗
63 1029 1700 1121 zeit dafuͤr gehalten, daß es ruͤhmlicher ſey, den alten Glantz
73 1100 1664 1192 ſeiner ehrlichen Vorfahren durch eigene helle Verdienſte, zu
395 1169 1624 1190 e
395 1169 1624 1190 e
71 1142 1918 1258 erheben; als durch ein fremdes und entlehntes Licht, ſeine ei⸗
83 1240 1764 1339 gene Finſterniß erleuchten wollen, wie ich ſchon davon in mei⸗
0 1309 1827 1468 r Xeecnildedeiiediſie Ncan a
608 1436 1604 1462 *
73 1439 1749 1534 be ich weiter kein Bedencken getragen, dieſe merckwuͤrdige
77 1511 1705 1605 Geſchicht poetiſch fuͤrzuſtellen, die in mehr, als funfzig hiſto⸗
88 1576 1667 1668 riſchen Buͤchern bereits weitlaufftig beſchrieben worden:
98 1645 1708 1737 Wiewohl ſich dennoch etliche ſo tollkuͤhne Leute gefunden,
100 1714 1710 1805 welche ſich nicht geſcheuet / dieſe Geſchicht in Zweifel zu ziehen,
88 1783 1705 1873 da doch der gedruckten Schrifften nicht zu gedencken, die
98 1850 1663 1943 dießfalls ergangenen Original⸗Acten in dem Churfarſtl.
88 1920 1668 2014 Wittenbergiſchen Archive, noch biß dieſe Stunde vorhanden.
90 1987 1668 2140 Allein / da man heut zu Tage alles lacherlich und ungereimt be⸗
93 2058 1667 2150 wieſen, oder da ich recht kunſtmaßig rede demonſtriret haben
88 2126 1668 2221 will; ſo gar, daß man auch die wichtigſten Glaubens⸗Arti⸗
91 2194 1698 2295 ckel mit dem Circkel und Winckelmaße auszumeſſen ſich
90 2260 1719 2350 wahnwizig erkuhnet; ſo wird man auch kuͤnfftig um ſo viel
93 2332 1811 2420 mehr alle hiſtoriſchen Wahrheiten Geometriſch und mit zu⸗
76 2396 1711 2496 reichenden Gruͤnden beweiſen muͤſſen, welches luſtig aus⸗
91 2481 1742 2564 ſehen wird.
165 2534 1743 2620 Diejenigen fleißigen Mußigganger aber, welche wider
93 2603 1725 2739 Affen, Spinnen, Maͤuße Kazen und andre ſolche Thiere n
91 2670 1244 2757 unſeren Fabeln/ der ſehr aͤhnlichen Gemuͤths⸗
1566 2732 1715 2800 mit
1312 2658 1810 2756 erwandſchaft
