1843 2929
175 257 1684 366 halten duͤrffte; wenn es der guͤtige Leſer anders
183 348 1509 453 erlauben wird.
190 416 1632 530 Viele poetiſchen Zierathen, Begeiſterungen
195 496 1629 603 und weitgeſuchte oder allzuaͤngſtliche und muͤhſa⸗
196 573 1634 682 me Beſchreibungen habe darinnen mit Fleiß nicht
2 653 1632 760 anbringen moͤgen damit die hiſtoriſche Wahrheit
191 729 1628 837 unter dergleichen buntes Laub ⸗ und Bluhmen⸗
125 808 1632 912 Werck nmcht o gar ſehr verſtecket wuͤrde, wie be⸗
111 884 1605 982 reits oben gedacht worden:
189 961 1630 1069 Jedoch habe gleich in dem erſten Buche, eine
191 1040 1626 1147 erdichtete Zauberey mit eingemiſchet; wiewohl
195 1114 1630 1229 mehr nach der Gewohnheit der heroiſchen Poeten,
197 1192 1628 1299 als des Homerus, Virgils, Taſſo, Miltons, Ario⸗
199 1267 1626 1391 ſto ja des Voltaire ſelbſten; denn daß ich derglei⸗
152 1339 1626 1502 S beielierk hec öilic ä r cuci
194 1438 1629 1602 Wenn man aber dieſelben finſtern und aber⸗
207 1568 1629 1680 glaubiſchen Zeiten, worinnen dieſer Prinzenraub
206 1644 1631 1749 geſchehen, betrachten will; auch inſonderheit in
203 1720 1627 1826 Erwegung ziehet, wie beruffen vormahls Boͤh⸗
209 1804 1654 1903 men wegen allerhand Zaubereyen Gauckeleyen
207 1873 1629 1979 und Geiſter⸗ Erſcheinungen, geweſen; wie unter
211 1953 1628 2057 andern aus denen abentheuerlichen Erzaͤhlungen
183 2021 1695 2134 ſattſam erhellet, welche von dem Herzoge Crocus,
207 2103 1632 2201 und deſſen beyden Toͤchtern, der Libuſſa und Ka⸗
218 2170 1634 2277 ſcha, die insgeſamt Erz⸗ Zauberinnen geweſen
220 2245 1637 2356 ſeyn ſollen; hier und dar angefuͤhret werden,
271 2331 1633 2431 eiter von der Libuſſen weiſſen Zauberzelter / und
215 2393 1633 2507 ihrem unterirdiſchen Marſtall voller ſchwarzer
182 2472 1699 2582 Geiſter, ingleichen von ihren praͤchtigen Hexen⸗
213 2546 1636 2649 Tanzen und Geſpenſter⸗ Verſamlungen auf dem
1523 2627 1643 2698 be⸗
