1844 3036
290 97 1560 226 Prinzenraubes/ I Buch.5
0 223 1536 346 Denn als er wiederum die Guͤter raͤumen ſollte, .
0 326 1453 449 Die er als Pfand beſaß, doch gern behalten wollte;
0 410 1440 544 Entbrannte dergeſtalt vor Eyfer ſein Gemuͤth,
0 511 1565 624 Da er in Raſerey und heiſſe Wuth gerieth,
6 591 1571 1034 c
108 969 1567 1060 davon Rammermeiſter / bey MEN NN Tom. Il. ſcript. er. Germ.
105 1016 1587 1122 ꝑ. r239. dem voruehmſten Urheber der bruͤderlichen ſchandlichenZwietracht
95 1065 1582 1165 zwiſchen Churfurſt Friedrichen den Saufftmuthigen, und Hertzog Wil⸗
99 1115 1571 1216 helm / und hieſſen Schwickershayn / nebſt denen andern zum Krie⸗
123 1162 1570 1292 benſteine gehorende / als Ehrenburg und ſo weiter, welche alle u
695 1280 740 1334 l
128 1214 1507 1294 — .
128 1214 1507 1294 — .
128 1216 1575 1306 Meiſſen lagen. Churfur Friederich hatte ſie dem Cunz von
126 1264 1585 1359 Rauffungen auf eine Zeit ang , zum Beſiz und Gebrauch eingerau⸗
133 1307 1573 1408 met, biß nehmlich der Krieg wuͤrde geendiget ſeyn; weil im Gegen⸗
137 1354 1574 1450 theil die Guͤter des Cunzen / in Thuringen von der feindlichen Par⸗
143 1401 1577 1499 they ebenfalls eingezogen und uͤbel mitgenommen worden waren. Allett,
146 1446 1577 1550 als der Krieg endlich beygeleget war; wolte doch Cunʒ die anſehn⸗
155 1501 1578 1589 lichen Vizthumiſchen Guͤter gern eigenthuͤmlich behalten, und nicht wte⸗
154 1547 1592 1641 der herausgeben, unerachtet er dießfalls einen eigenhandigen Revers
159 1589 1582 1691 von ſich ausgeſtellet hatte, welcher annoch bey denen Kauffungiſchen
160 1640 1580 1751 Original-Aeten / in dem Wittenbergiſchen Archiwe / zu befitden.
168 1690 1584 1778 Als er aber endlich durch eingeholtes rtheil und Recht darzu ange⸗
163 1734 1581 1829 halten ward, daß er ſolche nur Bedingungs⸗ weiſe bißher beſeſſene Guter
165 1781 1580 1873 ſeinem rechtmaͤßigen Eigenthuͤmer wieder aushandigen ſollte; ward
88 1827 1591 1916 er daruͤber dermaſſen eutruſtet, daß er auf dieſe ſo unbeſounene als
166 1872 1582 1967 unerhoͤrte Rache verfiel, die Churfuͤrſtl. Prinzen zu rauben, und ſich alſo
170 1924 1588 2016 au dem Churfuͤrſten wegen ſeines vermetntlich erlittenen Schadeus, nach⸗
171 1968 1589 2058 druͤcklich zu erholen. Dieſes iſt die wahre Urſache ſeiner tollkuͤhnen
174 2017 1591 2109 Unternehmung, uicht aber die von dem Churfuͤrſten ihm abgeſchlagene
186 2069 1591 2150 Ranziou, vielweniger einige noch ruckſtaͤndige Gel forderungen, wie
180 2113 1590 2192 FABRICIVS, BO EMVS, ALBINVS, Bir en / ubner / und
181 2161 1633 2244 ſehr viel andereSeribenten irri dafuͤr gehalten; Denn des Cunzens eigen⸗
179 2204 1591 2293 haͤudige uittung / und des hurfuͤrſtens anifeſt / welches er dieſer
183 2299 1595 2388 beyde Documenta aunoch il dem Witteubergiſchen Archive befindlich/
184 2346 1596 2442 beweiſen das Gegentheil klahrlich und unwieder prechlich, daher auch
185 2396 1598 2479 dieſe gegruͤndete Meyuung der anderu ungegrund eun von S A ITT-
124 2440 1600 2520 RIO, ECEBERIO, VLPIO;RwNZI0, wE—
94 2489 1599 2583 1 , TENzE1O, TRILLEO und allen andern neuern
182 2534 1607 2629 btllig furgeogen worde , als welche die nur angezogene herrliche Po
191 2589 1451 2706 cumenta zum Theil, ihren Schrifſten einee leibet haben.
184 2252 1615 2340 Sache wegen, au die Reichsſtande , damahls ergehen laſſen, und welche
1185 2683 1370 2710 R
