1829 3011
80 251 1613 385 De Himmel ſete Dich zum unverwelckten Segen!
84 386 1614 472 Und zeige Dir ſein Heyl durch reiches Wohlergehn,
97 479 1604 563 Er wolle Schmuck und Ehr auf Deine Scheitel legen ,
100 570 1625 745 eee deXXeeeXXXeXX.
101 745 1653 838 Jn unverbluͤhtem Flor, biß auf die Nachwelt, wachſen.
837 973 876 994 S
0 1012 1621 1159 Es ſey Den Friedenſtein der Siz vom guldnen
0 1152 1669 1236 Friede!
0 1231 1634 1328 Es wage ſich kein Feind an Dein beglucktes Land
0 1330 1639 1418 Die Ruhe, die bißher aus andern Landern ſchiede,
0 1409 1628 1520 Kehr ſtets in Deinem ein, und halte feſten Stand,
0 1503 1640 1595 Daß an der Schwerdter ſtatt, in ſeinen ſtillen Graͤnzen
0 1584 1594 1685 Auf dem gereiften Feld, nur blancke Sicheln glaͤnzen.
159 1848 1637 1979 Dan wurdigſt Ehgemahl, das Dir ſen Herz er
1053 1981 1669 2057 geben,
88 2060 1544 2145 Sey ferner nach Verdienſt das Kleinod dieſer Zeit
144 2144 1623 2234 Sie ſchmucke lange noch die Wet mit ihrem Leben,
165 2241 1647 2320 Den Hof mit Tugenden, das Haus mit Fruchtbarkeit,
143 2328 1650 2423 Jhr Erb⸗ Prinz wachs und bluh, zur Zierde ſeiner
94 2424 1655 2595 Zun Schu dcrhanen.
1004 2627 1679 2729 5 Dieß
