2059 3163
346 155 1936 404 e iXcXXtdee—
344 371 1872 490 Die ſtarren Borſten ſteifft, den Ruͤſſel aufwarts ſchlaͤgt,
343 467 1936 588 Aus heiſſerm Rachen grunzt, mit krummen Waffen draͤuet,
344 565 1932 680 Und in beſchaͤumtem Grimm nicht Hund und Jaͤger ſcheuet.
343 665 1939 778 Cunz war ein Ritter zwar von edlem Stamm und Blut,
343 766 1892 962 Xeeeees
342 954 1930 1060 Geſchah es, daß ſein Herz ſich mehr zum Boͤſen neigte.
345 1047 1892 1152 Er war verwegen, rauh, frech, unerbittlich, kuͤhn,
343 1143 1914 1248 Verließ ſich auf ſein Geld, das ihm das Gluͤck verliehn,
346 1234 1726 1348 Erkannte kein Geſez, als ſeinen eignen Wilen,
1596 1311 1711 1336 .
342 1331 1879 1436 Und glich an Laſtern nur dem Griechiſchen Achillen.
347 1425 1908 1529 Der Churfuͤrſt hatte doch mit ſeinem Zorn Geduld,
338 1516 1925 1622 So groß ſein Eyffer war; So groß war deſſen Huld,
337 1609 1824 1713 Und endlich gab er ihm im Scherze, zu erkennen/
341 1704 1900 1807 Laß mir nur nicht mein Cunz / die Fiſch im Teich
1120 1800 1819 1891 verbrennen
335 1953 1902 2035 (b) Von des Cunzen von Kauffungen hohen Adelſtande, wichtigeun Be⸗
320 2007 1899 2083 dienungen und Ehrenamtern, anſehulichen Guͤtern und Vermvgen, wie
358 2052 1905 2128 auch Tugenden und Laſtern c. handelt umſtaͤndlich Peter XVN in ſei⸗
408 2105 1897 2178 ner I. Diſſert. de Conrado Kauffngo principum Raptore, Vitemb. 1712.
382 2151 1898 2229 gleich im Anfange, und daun in folgendem; Siehe auch S0IVR Z
353 2197 1899 2291 k in denen Aumerckungen aa ics. so E1 vam —
384 2254 1896 2343 scu oi  ld andre mehr. Vornehmlich den gelehrten Herrn
386 2304 1898 2383 X N, in dem Programinate, de prætermiſſis de Corado
370 2350 1898 2432 e euique Familua, Dreſæ1 36. Bey dem ENEA sT
426 2390 1894 2478 XXli e öiirt e si   i ii
424 2447 1893 2556 Fodthie en ederi eirimcfiiic
359 2503 1951 2568 —...Lzleiner zu ittenber1 rin⸗
422 2518 1893 2645 ricuatbe ebnltenun hatenihe ede, t A L ,
516 2608 1894 2663 . onis nimuiu-,
378 2617 1894 2712 derer ſtlcher Lobſpruͤche und urtheile itzo , eonfidens & auuee
429 2658 1926 2755 chuung aber mit dem unerbittliche . eſchweigen. Die Verg ei⸗
360 2704 1891 2821 Jt ' roetie genomne e t bekantermaſen aus
469 2769 1781 2828 b woh-s Cu
536 2787 1890 2883 .. -en ausgeſtoſſene harte Drohungen; als anch die voli
