2231 3154
573 207 1835 295 Vorrede.
116 296 1963 454 hte/ oder Gedichte in der Bohmi. Hitorie dulden kan;
287 375 1960 472 ie ie dann meitentheils von dem beruhmtenBalbinus, in
186 449 1958 550 einen hitorichen Samlungen von Bohmen, den Boregk,
163 526 1956 628 wie auch Hagecius,in ihren BohmichenChronicken, und ver
184 605 1958 704 chiedenen andern,/ als glaubwurdig und wahrhafftig, angezo
162 682 1952 782 gen worden; Der wird diee unere erfundene Zauberey in ei
122 756 1951 854 nem Gedichte, o viel leichter und gleichgultiger vertragen
167 829 1952 934 konnen; noch dieelbe in Betrachtung der damahligen Zeit
188 906 1948 997 und der beruhrten Umtande, fur ganz unwahrcheinlich zu
176 983 1947 1079 halten Urach haben. Wer ich aber vor Hexereyen allzuehr
194 1057 1942 1155 furchten, oder kein Liebhaber von dergleichen bunten Dingen
181 1132 1940 1223 eyn ollte derelbe kan dieeBlatter, wo dieZauberey bechrte
188 1207 1897 1299 ben, ohne Gefahr und Schaden, ungeleen vorbey chlagen.
194 1284 1984 1374 Eben diees it auch von dem erdichteten chwarzenReuter,
212 1360 1932 1443 im dritten Buche diees Gedichtes/zu bemercken, welcher dem
159 1432 1933 1517 Cuntz von Kauffungen im Walde begegnet eyn oll. Derel
211 1504 1931 1594 be it nichts anders, als eine bloeNachahmung des Plutar
220 1578 1991 1662 chus und Aventinus, wie daelbt, in der Anmerckung, erin
233 1648 1930 1734 nert worden. Wer ich aber vor Gepentern und Ercheinun
228 1722 1929 1820 gen allzuhefftig entezet; kan auch diee poetiche Erfindung,
234 1796 1886 1891 zu einer Sicherheit, mit abgewandten Augen , ubergehen.
289 1862 1928 1950 Gleiche Bewandtni hat es endlich auch mit etlichen Trau
235 1935 1928 2025 men, welche in dieem Wercke hier und dar furkommen. Der
234 2009 1930 2097 erte von dem Eber und Baren, im andern Buche, de die
234 2081 1931 2171 ChurfurtinMargaretha elbt gehabt, it nicht erdichtet; n
240 2156 1942 2242 dern vielmehr in der Gechicht elbt wurcklich gegrundet, wie
242 2228 1991 2324 an demelben Orte angezeiget worden: Der andre aber nach
245 2298 1932 2385 der Entfuhrung der Prinze, eben daelbt, it von unrer eige
203 2371 1933 2465 nen Erfindung; gleich wie auch der Dritte im vierten Buche,
247 2444 1940 2526 der dem Kohler erchienen eyn oll; als welcher eine Nach
181 2513 1933 2607 ahmung aus der furtrefflichen Henriade des beruhmten Hn.
247 2583 1931 2674 Voltaire it wie daelbt in derAnmerckung erwahnet worde.
312 2656 1931 2746 Die alten Griechichen und Lateinichen Dichter hatten
241 2726 1933 2812 durch Einfuhrung ihrer unzahligen Gotter und Geiter, vor
242 2799 1978 2884 dieem bequeme Gelegenheit, ihre Gedichte nach Belieben/zu
169 2865 1965 3017 erweiten und auen/ ar rhand chone err
76 2948 1937 3013 * : unp
