2224 3144
940 167 1331 251 Vorrede.
258 292 2001 397 ſolches ſchon Caſpar Eylenberg in ſeinem zwar
271 371 2002 481 in der Jugend geſchriebenen lateiniſchen epiſchen
280 453 2005 563 Gedichte, zum Theil, erwieſen. Zumahl wenn
287 536 2005 649 man die Geſchichte ſelbſt mit vielen in derglei⸗
293 623 2007 725 chen Gedichten gewohnlichen poetiſchen Erfin⸗
295 707 2046 807 dungen erleuchten, wo nicht vielmehr verdun⸗
295 788 2009 884 ckeln wolte; welches ich aber aus beſondern Urs
279 871 2076 975 ſachen, ſo viel mir nur immer moͤglich gewe⸗
291 957 2006 1058 ſen, mit allem Ernſt und Fleiße zu vermeiden
282 1042 790 1147 geſuchet habe.
289 1140 2011 1245 Jch habe alſo kein rechtes Helden ⸗ Gedichte
295 1228 2013 1323 machen wollen ; viel weniger wegen Mangel der
306 1307 2013 1408 Kraͤffte, der Zeit, Geduld und anderer Umſtaͤn⸗
308 1386 2000 1485 de, die mir am beſten bekant, machen koͤnnen.
328 1491 2015 1584 Wofern ich aber dieſes lange Werck vor zwan⸗
326 1575 2016 1671 zig Jahren unternommen haͤtte, wie ich von vie⸗
347 1652 2019 1750 len groſſen Goͤnnern und Freunden damahls zum
339 1730 2021 1827 offtern angereget worden; ſo haͤtte es vielleicht
349 1813 2022 1907 beſſer, vollſtaͤndiger und eiſtreicher erſcheinen
342 1893 2022 1990 koͤnnen: denn dazumahl atte ich ohne eitlen
280 1974 2023 2072 Ruhm zu ſagen, etwas mehr Feuer, Zeit,
345 2056 2026 2157 Muſſe und Geduld, war auch darneben mit
351 2136 2025 2240 wenigern und leichteren Dingen beſchaͤfftiget;
351 2217 2043 2308 als in gegenwartigen Umſtaͤnden.
351 2312 2031 2429 Jndeſſen uͤberlieffere es izo ſo gut, oder uͤbel
369 2396 2030 2497 es zu einer ſolchen Zeit gerathen konnen, da mir
349 2476 2032 2583 eine der abſcheulichſten Kinder⸗Kranckheiten die
332 2555 2033 2657 meiſte Zeit hinweggenommen, und viele Sorge
269 2635 2030 2741 Uuruh und Verdruß verurſachet, dahero ich
345 2718 2032 2871 nach verrichteten muͤhſamen Amts/Geſchaͤffteu⸗
