1992 3125
418 92 1434 195 Des Sachſtſchen
405 218 1854 331 Di weiſt ſchon, was ich will, geh ſtell ihm alles fir,
397 307 1851 403 Und ſtarcke kraͤfftiglich in ihm die Rach-Begier.
473 439 1847 528 Nicht ſchneller kan ein Stein pon ſeiner Schlauder eilen,
385 533 1859 630 Noch die gepreßte Lufft durch heiſſen Flug, zertheilen
376 622 1861 713 Als dieſer Feuer Geiſt mit wunderſchnellem Gang
373 714 1840 801 So gleich nach Jſenberg in Cunzens Zimmer, drang.
465 839 1725 925 Der lag nun dazumahl in traͤger Ru geſtrecket,
359 933 1852 1031 Doch uhr er offters auf, und ward im Schlaff erſchrecket,
356 1023 1835 1108 Er ſchliefi, und ſchlief nur halb denn oer hat keine Raſt,
343 1116 1849 1198 DerGrimm im Herzen hegt, und necht und ugend haßt
273 1233 1831 1333 d du,duſchlafſtizt noch ꝰ ließ ſich der Geiſt vernehmen,
324 1333 1815 1517 XXeXXXXXXXiXXe
316 1517 1817 1617 Steh auf, und rache dich, izt iſt die rechte Zeit
312 1612 1823 1707 Der Churfurſt reiſt hinweg, ur d Schuz und Huter fehlen,
305 1703 1757 1801 Wie glucklich geht es an, e Prinzen wegzuſtehlenꝰ
294 1799 1729 1897 Wo du die Sohne haſt, wird bey dem Vater leich
287 1898 1792 1994 Jn allen was du ſuchſt, der Zweck nach Wunſch, erreicht
53 1962 1746 2090 De Guter werden dir dann eigenthum ich bleiben, ()
581 2081 1738 2188 as oͤſe⸗Geld,/ ſo hoch di denckeſt, treiben.
261 2307 1805 2402 () Dieſe allhier augefuhrte Urſacheu mogen wohl hauptſac lier die arckten
308 2342 1802 2473 prriels ernde eſe ſem, wodureh der aenn ſA zlſar
385 2425 1801 2531 t zu einer ſolehen uubeſonnenen und unerhorten Frevelthat hs
345 2472 1783 2576 verleitet worde Aueh iſt es ſehr wahrſehernlieh, daß die mißvergnus
318 2524 1796 2639 eun den Meſenerng haßigen vohmen, vielleicht gar mit Genehnm-
373 2580 1794 2667 a tung njo Verſ rechu ig etes nachdruͤcklichen Beyſtandes ihres er-
341 2626 1790 2732 hitterten Kbuiges Ladis aus ſelbſt, den verwegenen Cun, zu dieſem
