2263 3200
864 182 1289 254 Vorre de.
70 267 1967 367 Wegen des Tituls des Wercks, habe auch noch kurtzlich
217 340 1970 436 zu erinnern, da es vielleicht manche tadeln mochten, weil
221 400 1968 507 ich denelben gedoppelt eingerichtet: Jch habe aber hier
225 487 1967 625 zu meine beondere Urachen gehabt, welche eben hier zu mel
228 560 1972 657 den nicht nothig finde, zumahl da die Sache willkuhrlich und
230 636 1974 724 von keiner Wichtigkeit it, weil ie wede einen groen Sieg
232 708 1976 801 des Kulichans, oder des unterblichen Auichen Czaars Pe
229 782 1974 882 ters, des Groen, noch einem gefahrlichen FriedensBruch
229 858 1978 950 der Ottomannichen Pforte, oder andre dergleichen wichtige
224 931 1977 1033 Dinge, anbetri t. Wobey ich mich noch darzu mit dem an
226 1002 1981 1103 ehnlichen Bey piel des erhabenen Tao, uberfluig chuzen
233 1077 1979 1182 kan, welcher ein Weltbekanntes ausbundiges HeldenGe
237 1153 1979 1243 dichte ebenmaig zwiefach betitelt, und demelben den Nah
234 1225 1981 1312 men Il Goffredo, overo Gierualemme Liberata, beyge
220 1306 1986 1392 legt, wie den Gelehrten attam bekannt eyn wird.
225 1375 1979 1468 Sont habe hoh Urache, zweyen groen und gelehrten
255 1397 1985 1603 nannern hiermit ofentlich chuldigen Danck abzutatten,
267 1519 1985 1604 welche mir bey Ver ertigung diees Gedichtes, gutigen Bey
272 1594 2033 1678 trag gethan haben. Der erte ind Jhro Hochwohlgebohrne
277 1668 1986 1753 Excellenz der Herr geheime Rath und Canzler zu Gotha, Herr
280 1736 1986 1827 Baron von Nitzchwiz, welcher ich bey einen wichtigen
282 1807 1987 1902 Gechafften doch die Muhe gegeben, mix zu Gefallen, die vier
279 1880 1999 1981 zu Gotha befindlichen Gemahlde von dem Prinzenraube, ab
284 1956 1991 2044 zeichnen zu laen und geneigt zu uberenden. Nicht allein die
275 2031 1992 2117 e ondern auch viele andere Gnadenbezeugungen, die ich eit
285 2101 1992 2196 langen Jahren, o wohl an den Orten und Hofen, woelbt
285 2178 1994 2271 wir zuammen gelebet; als auch auf Reien, und ont, von
286 2235 1995 2346 demelben genoen; verbinden mich billig zu einer verpflichte
284 2325 1995 2417 ten Danckbarkeit, welcher ich tets eingedenck verbleib werde.
289 2400 1996 2500 Der andre it der beruhmte und in allen zierlichen und nutz
280 2473 2060 2573 lichen Wienchafften grundlich er hrene Profeor zu Leip
279 2550 2001 2642 zig, Herr riedrich Menz, mein ehmahliger treuer Lehrer
277 2623 2017 2711 und nun dreyig jahriger tets redlich erfundene Freund und
275 2697 2002 2783 Gonner ; ein Mann, welcher der gantzen hohen Schule da
277 2766 2102 2856 elbt, eine verzugliche Ehre macht, und weit ein mehrers, als
282 2836 2072 2990 etwan Teutch und Frantzoich/ oder ein wenig trockne i
281 2924 2057 2995 ):):.3 e
