2114 3200
395 221 1777 321 Vorrede.
332 312 1964 404 de Philoſophie verſtehet, indem er die alten gelehrten Schrif⸗
360 384 2014 478 ten der Griechen und Lateiner fleißiger durchleſen als ſie
344 461 1991 553 mancher ſonſt geſehen, oder nur nennen hoͤren. Dieſer wer⸗
359 534 1939 627 theſte Freund hat weder Zeit, Muͤhe noch Koſten geſpahret,
345 609 1936 706 mir allerhand kleine und ſehr ſelten vorkommende Schriten,
354 681 1989 777 die von dieſem Prinzenraube handeln / guͤtig zu verſch ffen,
339 758 1932 863 welche mir bey denen Anmerckungen nuͤzliche Dienſte gethan
351 831 1963 931 haben. Vor dieſes neue Zeichen ſeiner gutigen Zuneigung
349 908 1932 1002 gegen mich, ſage ich ihm nicht allein iermit oͤffentlich noch⸗
338 982 1995 1081 mahls ergebenſten Danck / wie ich chon in dem Wercke
347 1056 1936 1150 ſelbſten unten pag.128. gebuͤhrend abgeſtattet; ſondern ich
347 1134 1993 1230 werde auch bald an einem andernOrte,ausfuͤhrlicher zeigen,
347 1207 1927 1297 wie hoch ich dieſes fuͤrtrefflichen Mannes Gelehrſamkeit ach⸗
253 1260 1940 1392 te, und wie ſonderbar ich dieſes wahren Freundes Wohlge⸗
341 1358 1927 1446 wogenheit nach Verdienſt, zu ſchaͤtzen wiſſe.
355 1429 1998 1523 Noch iſt allhier des Herrn Verlegers beſondere Sorg⸗
342 1501 1931 1597 falt zu ruͤhmen als welcher nach ſeinem laͤngſthekandten
342 1579 1968 1668 Vorzuge in ſau erem Verlage; ſo wohl zu Anſchaffung groſ⸗
278 1652 1929 1743 en/ weiſſen und recht feinen Papiers, und eines neuen und
290 1726 1932 1816 harffen Drucks; als auch zierlich ausgearbeiteter Kupfer⸗
339 1795 1949 1890 ſtiche, allen moͤglichen Fleiß und alle erforderlichen Koſten
336 1871 1930 1971 gern und willig angewandt, damit ſolchergeſtalt dieſes Werck
328 1946 1988 2106 eeeee e Vlaee edkXdl,
337 2094 2001 2188 etwas weniges zu gedencken, ſo iſt dieſelbe eigentlich folgen⸗
338 2167 1942 2265 de geweſen: Jm abgewi henen Jahre, erinnerte mich aber⸗
336 2236 1929 2339 mahl ein hoher Gonner/die dem Trilleriſchen Geſchlechte ſo
328 2310 1996 2406 rühmliche Geſchichte von Cuntz von Kauffungen, in Verſen
320 2383 1989 2478 zu beſchreiben, welcher mich allbereit vor zwanzig Jahren zu
332 2460 1917 2555 dieſer Arbeit ermahnet hatte, wie oben ſchon gedacht worden.
396 2531 1990 2625 Jndem ich nun bey mir anſtehe / ob ich ein ſo weitlaͤufftiges
329 2607 2085 2699 Werck bey zunehmenden ahren , und abnehmenden Ge⸗
328 2679 2091 2768 muͤths⸗und Leibes⸗Kraͤ ken, nebſt Mangel der behoͤrigen
327 2752 1985 2909 aXeeedeediieieeiteee
325 2897 1983 3002 wiſſe ausfuͤhrliche gedruckte Beſchreibung von dem Prin
